ISA*00*          *00*          *30*330989922      *30*330989922      *240214*0719*^*00501*000000000*0*P*:~GS*HP*330989922*330989922*20240214*0719*0*X*005010X221A1~ST*835*0001~BPR*I*201.55*C*ACH*CCP*01*042100272**7480795058*1591031071**01*021000322*DA*483056469092*20240214~TRN*1*601400670850*1591031071~REF*EV*900117186~REF*F2*GWFC~DTM*405*20240209~N1*PR*GreatWestHealthcare-CIGNA~N3*8505 E. Orchard Rd~N4*Greenwood Village*CO*80111~REF*2U*80705~PER*BL*EDI HELP DESK*TE*8008103388~PER*CX*GWHC_EDIPROD*EM*EDIEscalatedRequests@Cigna.com*TE*8008103388~N1*PE*THE SMILIST DENTAL PLLC*XX*1760806624~N3*PO BOX 411706~N4*BOSTON*MA*022411706~REF*PQ*200061438254~REF*TJ*464286999~LX*1~TS3*1760806624*11*20241231*1*532~CLP*DNT1171894901*1*532*197**12*233395715300*11*1~NM1*QC*1*TRICARICO*MARGARET  MAGGI****MI*10550318801~NM1*IL*1*TRICARICO*JOSEPH****MI*10550318800~NM1*82*1*YANG*YUMEE****XX*1477902427~REF*1L*00628582~REF*CE*Preferred Provider Organization~DTM*232*20231030~DTM*233*20231030~DTM*050*20231101~AMT*AU*197~AMT*I*4.55~SVC*AD:D1110*184*69**1~DTM*232*20231030~DTM*233*20231030~DTM*050*20231101~CAS*CO*45*115~REF*6R*DNT1171894901-1D01~AMT*B6*69~SVC*AD:D0120*95*38**1~DTM*232*20231030~DTM*233*20231030~DTM*050*20231101~CAS*CO*45*57~REF*6R*DNT1171894901-2D02~AMT*B6*38~SVC*AD:D0230*42*15**1~DTM*232*20231030~DTM*233*20231030~DTM*050*20231101~CAS*CO*45*27~REF*6R*DNT1171894901-3D03~AMT*B6*15~SVC*AD:D0230*42*15**1~DTM*232*20231030~DTM*233*20231030~DTM*050*20231101~CAS*CO*45*27~REF*6R*DNT1171894901-4D04~AMT*B6*15~SVC*AD:D0220*50*18**1~DTM*232*20231030~DTM*233*20231030~DTM*050*20231101~CAS*CO*45*32~REF*6R*DNT1171894901-5D05~AMT*B6*18~SVC*AD:D0274*119*42**1~DTM*232*20231030~DTM*233*20231030~DTM*050*20231101~CAS*CO*45*77~REF*6R*DNT1171894901-6D06~AMT*B6*42~PLB*464286999*20241231*L6:DNT1171894901*-4.55~SE*74*0001~GE*1*0~IEA*1*000000000~