ISA*00*          *00*          *30*330989922      *30*330989922      *240214*0745*^*00501*000000000*0*P*:~GS*HP*330989922*330989922*20240214*0745*0*X*005010X221A1~ST*835*0001~BPR*I*113*C*ACH*CCP*01***0001150756*1396ENCARA**01*021000322*DA*483068189645*20240214~TRN*1*075901560418890*1396ENCARA~REF*EV*330989922~DTM*405*20240210~N1*PR*DDNJ Individual~N3*PO BOX 103~N4*STEVENS POINT*WI*54481~REF*2U*396ENCARA~PER*BL*HELP DESK-IT CLAIMS DEPT*TE*7153446087*EX*17389*EM*HELP@DELTADENTALWI.COM~N1*PE*THE SMILIST DENTAL OF NEW JERSEY*FI*822272495~N3*PO BOX 411706~N4*BOSTON*MA*02241~LX*1~CLP*DNT1192931930*1*279*113**12*2404037822*11~NM1*QC*1*DYCKMAN*IVA****MI*07796668385~NM1*82*1*MARANTZ*ELISA****XX*1033405923~AMT*AU*279~SVC*AD:D1110*184*75~DTM*472*20240207~CAS*CO*45*109~REF*6R*DNT1192931930-1~AMT*B6*75~SVC*AD:D0120*95*38~DTM*472*20240207~CAS*CO*45*57~REF*6R*DNT1192931930-2~AMT*B6*38~SE*29*0001~GE*1*0~IEA*1*000000000~