ISA*00*          *00*          *30*330989922      *30*330989922      *240214*0725*^*00501*000000000*0*P*:~GS*HP*330989922*330989922*20240214*0725*0*X*005010X221A1~ST*835*0001~BPR*I*4036.59*C*ACH*CTX*01*011201539**483056469092*1810616910**01*021000322*DA*483056469092*20240210~TRN*1*1367053520*1810616910~REF*EV*100064~REF*F2*1644155~DTM*405*20240210~N1*PR*DENTAQUEST IPA OF NEW YORK LLC~N3*11100 WEST LIBERTY DRIVE~N4*MILWAUKEE*WI*53224~PER*BL**EM*EDITeam@greatdentalplans.com~N1*PE*The Smilist Dental PLLC*XX*1760806624~N3*40 CUTTER MILL RD*STE 500~N4*GREAT NECK*NY*11021~REF*TJ*464286999~LX*1~CLP*DNT1188575944*1*973*65**MC*202402231584800*11*1~NM1*QC*1*GATEWOOD*JOSH****MI*NK91679B~NM1*82*1*KWOK*WING****XX*1770166852~REF*F8*X592648092~DTM*050*20240122~AMT*AU*65~SVC*AD:D7210*498*0~DTM*472*20240118~CAS*CO*250*498~REF*6R*DNT1188575944-1~LQ*HE*N40~SVC*AD:D2393*475*65~DTM*472*20240118~CAS*CO*45*410~REF*6R*DNT1188575944-2~AMT*B6*65~LX*2~CLP*387509100*1*1350*696**MC*202403251522100*11*1~NM1*QC*1*SEAY*TREMAYNE****MI*DV13878S~NM1*82*1*PETERSEN*BRIDGET****XX*1184044026~REF*F8*202403251522100~DTM*050*20240201~AMT*AU*696~SVC*AD:D2750*1350*696~DTM*472*20231019~CAS*CO*45*654~AMT*B6*696~LX*3~CLP*DNT1191933478*1*781*139.20**MC*202403731782800*11*1~NM1*QC*1*WARE*LEISHA****MI*BR66268D~NM1*82*1*PETERSEN*BRIDGET****XX*1184044026~REF*F8*X601734884~DTM*050*20240206~AMT*AU*139.20~SVC*AD:D1110*184*69.60~DTM*472*20240201~CAS*CO*45*114.40~REF*6R*DNT1191933478-1~AMT*B6*69.60~SVC*AD:D0210*244*69.60~DTM*472*20240201~CAS*CO*45*174.40~REF*6R*DNT1191933478-2~AMT*B6*69.60~SVC*AD:D0150*150*0~DTM*472*20240201~CAS*CO*119*150~REF*6R*DNT1191933478-3~LQ*HE*N130~LQ*HE*N435~SVC*AD:D0210*42*0***AD:D0230~DTM*472*20240201~CAS*CO*97*42~REF*6R*DNT1191933478-4~LQ*HE*M15~LQ*HE*N161~SVC*AD:D0210*42*0***AD:D0230~DTM*472*20240201~CAS*CO*97*42~REF*6R*DNT1191933478-4~LQ*HE*M15~LQ*HE*N161~SVC*AD:D0210*119*0***AD:D0274~DTM*472*20240201~CAS*CO*97*119~REF*6R*DNT1191933478-5~LQ*HE*M15~LX*4~CLP*DNT1191933439*1*1275*328.80**MC*202403731789600*11*1~NM1*QC*1*MURALLES*LEON****MI*DR75572R~NM1*82*1*PETERSEN*BRIDGET****XX*1184044026~REF*F8*X601743268~DTM*050*20240206~AMT*AU*328.80~SVC*AD:D2392*400*100.80~DTM*472*20240202~CAS*CO*45*299.20~REF*6R*DNT1191933439-1~AMT*B6*100.80~SVC*AD:D2393*475*127.20~DTM*472*20240202~CAS*CO*45*347.80~REF*6R*DNT1191933439-2~AMT*B6*127.20~SVC*AD:D2392*400*100.80~DTM*472*20240202~CAS*CO*45*299.20~REF*6R*DNT1191933439-3~AMT*B6*100.80~LX*5~CLP*DNT1191933437*1*532*172.80**MC*202403731789800*11*1~NM1*QC*1*SANCHEZ*EDUARDO****MI*DA39047E~NM1*82*1*PETERSEN*BRIDGET****XX*1184044026~REF*F8*X601743250~DTM*050*20240206~AMT*AU*172.80~SVC*AD:D1110*184*69.60~DTM*472*20240202~CAS*CO*45*114.40~REF*6R*DNT1191933437-1~AMT*B6*69.60~SVC*AD:D0120*95*34.80~DTM*472*20240202~CAS*CO*45*60.20~REF*6R*DNT1191933437-2~AMT*B6*34.80~SVC*AD:D0274*119*34.80~DTM*472*20240202~CAS*CO*45*84.20~REF*6R*DNT1191933437-3~AMT*B6*34.80~SVC*AD:D0220*50*16.80~DTM*472*20240202~CAS*CO*45*33.20~REF*6R*DNT1191933437-4~AMT*B6*16.80~SVC*AD:D0230*42*8.40~DTM*472*20240202~CAS*CO*45*33.60~REF*6R*DNT1191933437-5~AMT*B6*8.40~SVC*AD:D0230*42*8.40~DTM*472*20240202~CAS*CO*45*33.60~REF*6R*DNT1191933437-5~AMT*B6*8.40~LX*6~CLP*DNT1191933444*1*728*166.80**MC*202403731790100*11*1~NM1*QC*1*SANCHEZ*EDUARDO****MI*DA39047E~NM1*82*1*PETERSEN*BRIDGET****XX*1184044026~REF*F8*X601743311~DTM*050*20240206~AMT*AU*166.80~SVC*AD:D2392*400*100.80~DTM*472*20240202~CAS*CO*45*299.20~REF*6R*DNT1191933444-1~AMT*B6*100.80~SVC*AD:D2391*328*66~DTM*472*20240202~CAS*CO*45*262~REF*6R*DNT1191933444-2~AMT*B6*66~LX*7~CLP*DNT1191933446*1*523*174**MC*202403731790400*11*1~NM1*QC*1*GIBINSKA*PENKA****MI*DP49936P~NM1*82*1*PETERSEN*BRIDGET****XX*1184044026~REF*F8*X601743321~DTM*050*20240206~AMT*AU*174~SVC*AD:D1110*184*69.60~DTM*472*20240202~CAS*CO*45*114.40~REF*6R*DNT1191933446-1~AMT*B6*69.60~SVC*AD:D0120*95*34.80~DTM*472*20240202~CAS*CO*45*60.20~REF*6R*DNT1191933446-2~AMT*B6*34.80~SVC*AD:D0210*244*69.60~DTM*472*20240202~CAS*CO*45*174.40~REF*6R*DNT1191933446-3~AMT*B6*69.60~LX*8~CLP*DNT1191933451*1*400*100.80**MC*202403731790900*11*1~NM1*QC*1*OCHOA*CHRISTOPHER****MI*DK80365F~NM1*82*1*PETERSEN*BRIDGET****XX*1184044026~REF*F8*X601743363~DTM*050*20240206~AMT*AU*100.80~SVC*AD:D2392*400*100.80~DTM*472*20240201~CAS*CO*45*299.20~REF*6R*DNT1191933451-1~AMT*B6*100.80~LX*9~CLP*DNT1191933453*4*970*0**MC*202403731791100*11*1~NM1*QC*1*FRANCO GOMEZ*KRISTEL****MI*965834101~NM1*82*1*ERICKSON*SUSAN****XX*1437893013~REF*F8*X601743381~DTM*050*20240206~SVC*AD:D1351*58*0~DTM*472*20240201~CAS*CO*119*58~REF*6R*DNT1191933453-1~LQ*HE*M115~LQ*HE*N130~LQ*HE*N435~SVC*AD:D1351*58*0~DTM*472*20240201~CAS*CO*119*58~REF*6R*DNT1191933453-2~LQ*HE*M115~LQ*HE*N130~LQ*HE*N435~SVC*AD:D1351*58*0~DTM*472*20240201~CAS*CO*242*58~REF*6R*DNT1191933453-3~LQ*HE*M115~SVC*AD:D1351*58*0~DTM*472*20240201~CAS*CO*242*58~REF*6R*DNT1191933453-4~LQ*HE*M115~SVC*AD:D1208*45*0~DTM*472*20240201~CAS*CO*242*45~REF*6R*DNT1191933453-5~LQ*HE*M115~SVC*AD:D1120*126*0~DTM*472*20240201~CAS*CO*242*126~REF*6R*DNT1191933453-6~LQ*HE*M115~SVC*AD:D0330*206*0~DTM*472*20240201~CAS*CO*119*206~REF*6R*DNT1191933453-7~LQ*HE*M115~LQ*HE*N130~LQ*HE*N435~SVC*AD:D0230*42*0~DTM*472*20240201~CAS*CO*242*42~REF*6R*DNT1191933453-8~LQ*HE*M115~SVC*AD:D0220*50*0~DTM*472*20240201~CAS*CO*242*50~REF*6R*DNT1191933453-9~LQ*HE*M115~SVC*AD:D0150*150*0~DTM*472*20240201~CAS*CO*242*150~REF*6R*DNT1191933453-10~LQ*HE*M115~SVC*AD:D0274*119*0~DTM*472*20240201~CAS*CO*242*119~REF*6R*DNT1191933453-11~LQ*HE*M115~LX*10~CLP*DNT1191933455*1*784*169.20**MC*202403731791300*11*1~NM1*QC*1*DUGAN*CHAD****MI*CK13244F~NM1*82*1*PETERSEN*BRIDGET****XX*1184044026~REF*F8*X601743397~DTM*050*20240206~AMT*AU*169.20~SVC*AD:D1110*184*69.60~DTM*472*20240201~CAS*CO*45*114.40~REF*6R*DNT1191933455-1~AMT*B6*69.60~SVC*AD:D0330*206*0~DTM*472*20240201~CAS*CO*119*206~REF*6R*DNT1191933455-2~LQ*HE*N130~LQ*HE*N435~SVC*AD:D0210*244*69.60~DTM*472*20240201~CAS*CO*45*174.40~REF*6R*DNT1191933455-3~AMT*B6*69.60~SVC*AD:D0150*150*30~DTM*472*20240201~CAS*CO*45*120~REF*6R*DNT1191933455-4~AMT*B6*30~LX*11~CLP*DNT1192010230*1*337*30.59**MC*202403732045300*11*1~NM1*QC*1*SABIO*BRIDGET****MI*SU85801J~NM1*82*1*KWOK*WING****XX*1770166852~REF*F8*X601909269~DTM*050*20240206~AMT*AU*30.59~SVC*AD:D0330*206*20.89~DTM*472*20231108~CAS*CO*45*185.11~REF*6R*DNT1192010230-1~AMT*B6*20.89~SVC*AD:D0140*131*9.70~DTM*472*20231108~CAS*CO*45*121.30~REF*6R*DNT1192010230-2~AMT*B6*9.70~LX*12~CLP*DNT1192010231*1*394*57**MC*202403732045400*11*1~NM1*QC*1*BICIC*OSMAN****MI*TV77613J~NM1*82*1*KWOK*WING****XX*1770166852~REF*F8*X601909274~DTM*050*20240206~AMT*AU*57~SVC*AD:D0210*244*35~DTM*472*20231117~CAS*CO*45*209~REF*6R*DNT1192010231-1~AMT*B6*35~SVC*AD:D0150*150*22~DTM*472*20231117~CAS*CO*45*128~REF*6R*DNT1192010231-2~AMT*B6*22~LX*13~CLP*DNT1192010244*1*678*61**MC*202403732046200*11*1~NM1*QC*1*BATISTA*STEPHANIE****MI*XV05485P~NM1*82*1*KWOK*WING****XX*1770166852~REF*F8*X601909336~DTM*050*20240206~AMT*AU*61~SVC*AD:D1320*100*8~DTM*472*20240202~CAS*CO*45*92~REF*6R*DNT1192010244-1~AMT*B6*8~SVC*AD:D1110*184*31~DTM*472*20240202~CAS*CO*45*153~REF*6R*DNT1192010244-2~AMT*B6*31~SVC*AD:D0210*244*0~DTM*472*20240202~CAS*CO*119*244~REF*6R*DNT1192010244-3~LQ*HE*N130~LQ*HE*N435~SVC*AD:D0150*150*22~DTM*472*20240202~CAS*CO*45*128~REF*6R*DNT1192010244-4~AMT*B6*22~LX*14~CLP*DNT1192568386*1*181*18.20**MC*202403930633600*11*1~NM1*QC*1*GREGORIO*MICHELLE****MI*YM31894J~NM1*82*1*KWOK*WING****XX*1770166852~REF*F8*X603331879~DTM*050*20240208~AMT*AU*18.20~SVC*AD:D0140*131*9.70~DTM*472*20240205~CAS*CO*45*121.30~REF*6R*DNT1192568386-1~AMT*B6*9.70~SVC*AD:D0220*50*8.50~DTM*472*20240205~CAS*CO*45*41.50~REF*6R*DNT1192568386-2~AMT*B6*8.50~LX*15~CLP*DNT1192568387*1*678*61**MC*202403930633700*11*1~NM1*QC*1*LAWRENCE*TIFFANIE****MI*VP56291Q~NM1*82*1*KWOK*WING****XX*1770166852~REF*F8*X603331881~DTM*050*20240208~AMT*AU*61~SVC*AD:D1320*100*8~DTM*472*20240205~CAS*CO*45*92~REF*6R*DNT1192568387-1~AMT*B6*8~SVC*AD:D1110*184*31~DTM*472*20240205~CAS*CO*45*153~REF*6R*DNT1192568387-2~AMT*B6*31~SVC*AD:D0210*244*0~DTM*472*20240205~CAS*CO*119*244~REF*6R*DNT1192568387-3~LQ*HE*N130~LQ*HE*N435~SVC*AD:D0150*150*22~DTM*472*20240205~CAS*CO*45*128~REF*6R*DNT1192568387-4~AMT*B6*22~LX*16~CLP*DNT1192568388*1*95*20**MC*202403930633900*11*1~NM1*QC*1*AVILES*JUAN****MI*ZY67583D~NM1*82*1*KWOK*WING****XX*1770166852~REF*F8*X603331882~DTM*050*20240208~AMT*AU*20~SVC*AD:D0120*95*20~DTM*472*20240205~CAS*CO*45*75~REF*6R*DNT1192568388-1~AMT*B6*20~LX*17~CLP*DNT1193015035*1*472*97.40**MC*202404032120900*11*1~NM1*QC*1*PINTO MARTINEZ*JUAN****MI*966201901~NM1*82*1*KWOK*WING****XX*1770166852~REF*F8*X604592301~DTM*050*20240209~AMT*AU*97.40~SVC*AD:D1208*45*11.20~DTM*472*20240207~CAS*CO*45*33.80~REF*6R*DNT1193015035-1~AMT*B6*11.20~SVC*AD:D1120*126*33~DTM*472*20240207~CAS*CO*45*93~REF*6R*DNT1193015035-2~AMT*B6*33~SVC*AD:D0120*95*23.20~DTM*472*20240207~CAS*CO*45*71.80~REF*6R*DNT1193015035-3~AMT*B6*23.20~SVC*AD:D0330*206*30~DTM*472*20240207~CAS*CO*45*176~REF*6R*DNT1193015035-4~AMT*B6*30~LX*18~CLP*DNT1193237242*1*600*30**MC*202404032724100*11*1~NM1*QC*1*MARTENS*JAMES****MI*EV34484E~NM1*82*1*PETERSEN*BRIDGET****XX*1184044026~REF*F8*X605081404~DTM*050*20240209~AMT*AU*30~SVC*AD:D0150*150*30~DTM*472*20240207~CAS*CO*45*120~REF*6R*DNT1193237242-1~AMT*B6*30~SVC*AD:D0210*244*0~DTM*472*20240207~CAS*CO*119*244~REF*6R*DNT1193237242-2~LQ*HE*N130~LQ*HE*N435~SVC*AD:D0330*206*0~DTM*472*20240207~CAS*CO*119*206~REF*6R*DNT1193237242-3~LQ*HE*N130~LQ*HE*N435~LX*19~CLP*DNT1193235670*1*983*174**MC*202404032724300*11*1~NM1*QC*1*CAVANAGH*MOLLY****MI*EN95466V~NM1*82*1*PETERSEN*BRIDGET****XX*1184044026~REF*F8*X605081627~DTM*050*20240209~AMT*AU*174~SVC*AD:D9945*983*174~DTM*472*20240206~CAS*CO*45*809~REF*6R*DNT1193235670-1~AMT*B6*174~LX*20~CLP*DNT1193235671*4*2244*0**MC*202404032724400*11*1~NM1*QC*1*DEKENIPP*JOSEPH****MI*DA36322A~NM1*82*1*PETERSEN*BRIDGET****XX*1184044026~REF*F8*X605081639~DTM*050*20240209~SVC*AD:D7140*374*0~DTM*472*20240206~CAS*CO*97*374~REF*6R*DNT1193235671-1~LQ*HE*N525~SVC*AD:D7140*374*0~DTM*472*20240206~CAS*CO*97*374~REF*6R*DNT1193235671-2~LQ*HE*N525~SVC*AD:D7140*374*0~DTM*472*20240206~CAS*CO*97*374~REF*6R*DNT1193235671-3~LQ*HE*N525~SVC*AD:D7140*374*0~DTM*472*20240206~CAS*CO*97*374~REF*6R*DNT1193235671-4~LQ*HE*N525~SVC*AD:D7140*374*0~DTM*472*20240206~CAS*CO*97*374~REF*6R*DNT1193235671-5~LQ*HE*N525~SVC*AD:D7140*374*0~DTM*472*20240206~CAS*CO*97*374~REF*6R*DNT1193235671-6~LQ*HE*N525~LX*21~CLP*DNT1193235697*1*328*66**MC*202404032725800*11*1~NM1*QC*1*CASTRO MARROQUIN*IRMA****MI*FP00666U~NM1*82*1*PETERSEN*BRIDGET****XX*1184044026~REF*F8*X605081986~DTM*050*20240209~AMT*AU*66~SVC*AD:D2391*328*66~DTM*472*20240207~CAS*CO*45*262~REF*6R*DNT1193235697-1~AMT*B6*66~LX*22~CLP*DNT1193235702*1*784*169.20**MC*202404032726300*11*1~NM1*QC*1*WHEELER*KATHRINE****MI*CB71851P~NM1*82*1*PETERSEN*BRIDGET****XX*1184044026~REF*F8*X605082049~DTM*050*20240209~AMT*AU*169.20~SVC*AD:D1110*184*69.60~DTM*472*20240207~CAS*CO*45*114.40~REF*6R*DNT1193235702-1~AMT*B6*69.60~SVC*AD:D0330*206*0~DTM*472*20240207~CAS*CO*119*206~REF*6R*DNT1193235702-2~LQ*HE*N130~LQ*HE*N435~SVC*AD:D0210*244*69.60~DTM*472*20240207~CAS*CO*45*174.40~REF*6R*DNT1193235702-3~AMT*B6*69.60~SVC*AD:D0150*150*30~DTM*472*20240207~CAS*CO*45*120~REF*6R*DNT1193235702-4~AMT*B6*30~LX*23~CLP*DNT1193235712*1*535*181.20**MC*202404032727200*11*1~NM1*QC*1*AIWOHI*LEILANI****MI*963945901~NM1*82*1*PETERSEN*BRIDGET****XX*1184044026~REF*F8*X605082175~DTM*050*20240209~AMT*AU*181.20~SVC*AD:D1208*45*16.80~DTM*472*20240206~CAS*CO*45*28.20~REF*6R*DNT1193235712-1~AMT*B6*16.80~SVC*AD:D1110*184*69.60~DTM*472*20240206~CAS*CO*45*114.40~REF*6R*DNT1193235712-2~AMT*B6*69.60~SVC*AD:D0120*95*34.80~DTM*472*20240206~CAS*CO*45*60.20~REF*6R*DNT1193235712-3~AMT*B6*34.80~SVC*AD:D0230*42*8.40~DTM*472*20240206~CAS*CO*45*33.60~REF*6R*DNT1193235712-4~AMT*B6*8.40~SVC*AD:D0220*50*16.80~DTM*472*20240206~CAS*CO*45*33.20~REF*6R*DNT1193235712-5~AMT*B6*16.80~SVC*AD:D0274*119*34.80~DTM*472*20240206~CAS*CO*45*84.20~REF*6R*DNT1193235712-6~AMT*B6*34.80~LX*24~CLP*DNT1193235716*1*577*189.60**MC*202404032727500*11*1~NM1*QC*1*PEREZ BAUTISTA*KAYLA****MI*DV01503D~NM1*82*1*PETERSEN*BRIDGET****XX*1184044026~REF*F8*X605082213~DTM*050*20240209~AMT*AU*189.60~SVC*AD:D1110*184*69.60~DTM*472*20240207~CAS*CO*45*114.40~REF*6R*DNT1193235716-1~AMT*B6*69.60~SVC*AD:D0120*95*34.80~DTM*472*20240207~CAS*CO*45*60.20~REF*6R*DNT1193235716-2~AMT*B6*34.80~SVC*AD:D0230*42*8.40~DTM*472*20240207~CAS*CO*45*33.60~REF*6R*DNT1193235716-3~AMT*B6*8.40~SVC*AD:D0230*42*8.40~DTM*472*20240207~CAS*CO*45*33.60~REF*6R*DNT1193235716-3~AMT*B6*8.40~SVC*AD:D0220*50*16.80~DTM*472*20240207~CAS*CO*45*33.20~REF*6R*DNT1193235716-4~AMT*B6*16.80~SVC*AD:D0274*119*34.80~DTM*472*20240207~CAS*CO*45*84.20~REF*6R*DNT1193235716-5~AMT*B6*34.80~SVC*AD:D1208*45*16.80~DTM*472*20240207~CAS*CO*45*28.20~REF*6R*DNT1193235716-6~AMT*B6*16.80~LX*25~CLP*DNT1193235718*1*577*189.60**MC*202404032727700*11*1~NM1*QC*1*DE LEON*MARIA****MI*DX42612X~NM1*82*1*PETERSEN*BRIDGET****XX*1184044026~REF*F8*X605082240~DTM*050*20240209~AMT*AU*189.60~SVC*AD:D1110*184*69.60~DTM*472*20240207~CAS*CO*45*114.40~REF*6R*DNT1193235718-1~AMT*B6*69.60~SVC*AD:D0120*95*34.80~DTM*472*20240207~CAS*CO*45*60.20~REF*6R*DNT1193235718-2~AMT*B6*34.80~SVC*AD:D0230*42*8.40~DTM*472*20240207~CAS*CO*45*33.60~REF*6R*DNT1193235718-3~AMT*B6*8.40~SVC*AD:D0230*42*8.40~DTM*472*20240207~CAS*CO*45*33.60~REF*6R*DNT1193235718-3~AMT*B6*8.40~SVC*AD:D0220*50*16.80~DTM*472*20240207~CAS*CO*45*33.20~REF*6R*DNT1193235718-4~AMT*B6*16.80~SVC*AD:D0274*119*34.80~DTM*472*20240207~CAS*CO*45*84.20~REF*6R*DNT1193235718-5~AMT*B6*34.80~SVC*AD:D1208*45*16.80~DTM*472*20240207~CAS*CO*45*28.20~REF*6R*DNT1193235718-6~AMT*B6*16.80~LX*26~CLP*DNT1193235721*1*784*169.20**MC*202404032728200*11*1~NM1*QC*1*STEIN*JANINE****MI*GX98232C~NM1*82*1*PETERSEN*BRIDGET****XX*1184044026~REF*F8*X605082276~DTM*050*20240209~AMT*AU*169.20~SVC*AD:D1110*184*69.60~DTM*472*20240207~CAS*CO*45*114.40~REF*6R*DNT1193235721-1~AMT*B6*69.60~SVC*AD:D0330*206*0~DTM*472*20240207~CAS*CO*119*206~REF*6R*DNT1193235721-2~LQ*HE*N130~LQ*HE*N435~SVC*AD:D0210*244*69.60~DTM*472*20240207~CAS*CO*45*174.40~REF*6R*DNT1193235721-3~AMT*B6*69.60~SVC*AD:D0150*150*30~DTM*472*20240207~CAS*CO*45*120~REF*6R*DNT1193235721-4~AMT*B6*30~LX*27~CLP*DNT1193235733*1*535*181.20**MC*202404032729500*11*1~NM1*QC*1*PENA*JOSHUA****MI*ED20746Q~NM1*82*1*PETERSEN*BRIDGET****XX*1184044026~REF*F8*X605082424~DTM*050*20240209~AMT*AU*181.20~SVC*AD:D1208*45*16.80~DTM*472*20240206~CAS*CO*45*28.20~REF*6R*DNT1193235733-1~AMT*B6*16.80~SVC*AD:D1110*184*69.60~DTM*472*20240206~CAS*CO*45*114.40~REF*6R*DNT1193235733-2~AMT*B6*69.60~SVC*AD:D0120*95*34.80~DTM*472*20240206~CAS*CO*45*60.20~REF*6R*DNT1193235733-3~AMT*B6*34.80~SVC*AD:D0230*42*8.40~DTM*472*20240206~CAS*CO*45*33.60~REF*6R*DNT1193235733-4~AMT*B6*8.40~SVC*AD:D0220*50*16.80~DTM*472*20240206~CAS*CO*45*33.20~REF*6R*DNT1193235733-5~AMT*B6*16.80~SVC*AD:D0274*119*34.80~DTM*472*20240206~CAS*CO*45*84.20~REF*6R*DNT1193235733-6~AMT*B6*34.80~LX*28~CLP*DNT1193235739*1*490*164.40**MC*202404032730100*11*1~NM1*QC*1*PEPLINSKI*MICHELLE****MI*EK46036P~NM1*82*1*PETERSEN*BRIDGET****XX*1184044026~REF*F8*X605082501~DTM*050*20240209~AMT*AU*164.40~SVC*AD:D1110*184*69.60~DTM*472*20240207~CAS*CO*45*114.40~REF*6R*DNT1193235739-1~AMT*B6*69.60~SVC*AD:D0120*95*34.80~DTM*472*20240207~CAS*CO*45*60.20~REF*6R*DNT1193235739-2~AMT*B6*34.80~SVC*AD:D0230*42*8.40~DTM*472*20240207~CAS*CO*45*33.60~REF*6R*DNT1193235739-3~AMT*B6*8.40~SVC*AD:D0220*50*16.80~DTM*472*20240207~CAS*CO*45*33.20~REF*6R*DNT1193235739-4~AMT*B6*16.80~SVC*AD:D0274*119*34.80~DTM*472*20240207~CAS*CO*45*84.20~REF*6R*DNT1193235739-5~AMT*B6*34.80~LX*29~CLP*DNT1193235741*1*490*164.40**MC*202404032730300*11*1~NM1*QC*1*COZ URIZAR*MERY****MI*FZ92419H~NM1*82*1*PETERSEN*BRIDGET****XX*1184044026~REF*F8*X605082534~DTM*050*20240209~AMT*AU*164.40~SVC*AD:D1110*184*69.60~DTM*472*20240206~CAS*CO*45*114.40~REF*6R*DNT1193235741-1~AMT*B6*69.60~SVC*AD:D0120*95*34.80~DTM*472*20240206~CAS*CO*45*60.20~REF*6R*DNT1193235741-2~AMT*B6*34.80~SVC*AD:D0230*42*8.40~DTM*472*20240206~CAS*CO*45*33.60~REF*6R*DNT1193235741-3~AMT*B6*8.40~SVC*AD:D0220*50*16.80~DTM*472*20240206~CAS*CO*45*33.20~REF*6R*DNT1193235741-4~AMT*B6*16.80~SVC*AD:D0274*119*34.80~DTM*472*20240206~CAS*CO*45*84.20~REF*6R*DNT1193235741-5~AMT*B6*34.80~SE*796*0001~GE*1*0~IEA*1*000000000~