ISA*00*          *00*          *30*330989922      *30*330989922      *240214*0802*^*00501*000000000*0*P*:~GS*HP*330989922*330989922*20240214*0802*0*X*005010X221A1~ST*835*0001~BPR*I*219*C*ACH*CCP*01*075901561**0001137690*1396094742**01*021000322*DA*483056469092*20240214~TRN*1*075901561644693*1396094742~REF*EV*330989922~DTM*405*20240210~N1*PR*DDWI~N3*PO BOX 828~N4*STEVENS POINT*WI*54481~REF*2U*396094742~PER*BL*HELP DESK-IT CLAIMS DEPT*TE*7153446087*EX*17389*EM*HELP@DELTADENTALWI.COM~N1*PE*THE SMILIST*FI*464286999~N3*PO BOX 411706~N4*BOSTON*MA*02241~LX*1~CLP*DNT1192927081*1*751*219**12*2404033397*11~NM1*QC*1*DEBIQUE*JONATHAN****MI*8077164834~NM1*82*1*PARKER*DAVID****XX*1952546624~AMT*AU*751~SVC*AD:D1110*184*61~DTM*472*20240207~CAS*CO*45*123~REF*6R*DNT1192927081-1~AMT*B6*61~SVC*AD:D0330*206*58~DTM*472*20240207~CAS*CO*45*148~REF*6R*DNT1192927081-2~AMT*B6*58~SVC*AD:D0230*42*9~DTM*472*20240207~CAS*CO*45*33~REF*6R*DNT1192927081-3~AMT*B6*9~SVC*AD:D0220*50*15~DTM*472*20240207~CAS*CO*45*35~REF*6R*DNT1192927081-4~AMT*B6*15~SVC*AD:D0150*150*42~DTM*472*20240207~CAS*CO*45*108~REF*6R*DNT1192927081-5~AMT*B6*42~SVC*AD:D0274*119*34~DTM*472*20240207~CAS*CO*45*85~REF*6R*DNT1192927081-6~AMT*B6*34~SE*49*0001~GE*1*0~IEA*1*000000000~