ISA*00*          *00*          *30*330989922      *30*330989922      *240214*0717*^*00501*000000000*0*P*:~GS*HP*330989922*330989922*20240214*0717*0*X*005010X221A1~ST*835*0001~BPR*I*733.90*C*ACH*CTX*01*011201539**483056469092*1810616910**01*021000322*DA*483056469092*20240210~TRN*1*8287048940*1810616910~REF*EV*100064~REF*F2*1644594~DTM*405*20240210~N1*PR*DENTAQUEST IPA OF NEW YORK LLC~N3*11100 WEST LIBERTY DRIVE~N4*MILWAUKEE*WI*53224~PER*BL**EM*EDITeam@greatdentalplans.com~N1*PE*The Smilist Dental PLLC*XX*1760806624~N3*40 CUTTER MILL RD*STE 500~N4*GREAT NECK*NY*11021~REF*TJ*464286999~LX*1~CLP*DNT1188984413*2*2078*0**MC*202402432321401*11*1~NM1*QC*1*FICARA*JOSEPH****MI*1812~NM1*82*1*JUNG*JUNHO****XX*1295859718~REF*F8*X593736786~DTM*050*20240124~SVC*AD:D2750*2078*0~DTM*472*20240120~CAS*CO*50*1498~CAS*OA*23*580~LQ*HE*N10~LX*2~CLP*DNT1191980601*1*578*139.04**MC*202403731968800*11*1~NM1*QC*1*THOMAS*JEREMY****MI*202013~NM1*82*1*JUNG*JUNHO****XX*1295859718~REF*F8*X601856996~DTM*050*20240206~AMT*AU*139.04~SVC*AD:D1110*184*54.52~DTM*472*20240201~CAS*CO*45*129.48~REF*6R*DNT1191980601-1~AMT*B6*54.52~SVC*AD:D0150*150*30~DTM*472*20240201~CAS*CO*45*120~REF*6R*DNT1191980601-2~AMT*B6*30~SVC*AD:D0210*244*54.52~DTM*472*20240201~CAS*CO*45*189.48~REF*6R*DNT1191980601-3~AMT*B6*54.52~LX*3~CLP*DNT1191980643*1*578*139.04**MC*202403731970000*11*1~NM1*QC*1*WYATT*JASON****MI*207213~NM1*82*1*BAUER*LLOYD****XX*1619957537~REF*F8*X601857083~DTM*050*20240206~AMT*AU*139.04~SVC*AD:D1110*184*54.52~DTM*472*20240201~CAS*CO*45*129.48~REF*6R*DNT1191980643-1~AMT*B6*54.52~SVC*AD:D0150*150*30~DTM*472*20240201~CAS*CO*45*120~REF*6R*DNT1191980643-2~AMT*B6*30~SVC*AD:D0210*244*54.52~DTM*472*20240201~CAS*CO*45*189.48~REF*6R*DNT1191980643-3~AMT*B6*54.52~LX*4~CLP*DNT1191980470*1*497*121.26**MC*202403731982700*11*1~NM1*QC*1*NATVIG*LILYANA****MI*66140~NM1*82*1*GOLDSMITH*MATTHEW****XX*1053455089~REF*F8*X601863615~DTM*050*20240206~AMT*AU*121.26~SVC*AD:D0120*95*27.26~DTM*472*20240202~CAS*CO*45*67.74~REF*6R*DNT1191980470-1~AMT*B6*27.26~SVC*AD:D1110*184*54.52~DTM*472*20240202~CAS*CO*45*129.48~REF*6R*DNT1191980470-2~AMT*B6*54.52~SVC*AD:D0220*50*13.16~DTM*472*20240202~CAS*CO*45*36.84~REF*6R*DNT1191980470-3~AMT*B6*13.16~SVC*AD:D0230*42*6.58~DTM*472*20240202~CAS*CO*45*35.42~REF*6R*DNT1191980470-4~AMT*B6*6.58~SVC*AD:D0230*42*6.58~DTM*472*20240202~CAS*CO*45*35.42~REF*6R*DNT1191980470-4~AMT*B6*6.58~SVC*AD:D0230*42*6.58~DTM*472*20240202~CAS*CO*45*35.42~REF*6R*DNT1191980470-4~AMT*B6*6.58~SVC*AD:D0230*42*6.58~DTM*472*20240202~CAS*CO*45*35.42~REF*6R*DNT1191980470-4~AMT*B6*6.58~LX*5~CLP*DNT1191980495*1*1108*266.96**MC*202403731983800*11*1~NM1*QC*1*MACDONALD*YESENIA****MI*2148~NM1*82*1*JUNG*JUNHO****XX*1295859718~REF*F8*X601863735~DTM*050*20240206~AMT*AU*266.96~SVC*AD:D2394*554*133.48~DTM*472*20240201~CAS*CO*45*420.52~REF*6R*DNT1191980495-1~AMT*B6*133.48~SVC*AD:D2394*554*133.48~DTM*472*20240201~CAS*CO*45*420.52~REF*6R*DNT1191980495-2~AMT*B6*133.48~LX*6~CLP*DNT1192684630*1*356*67.60**MC*202403931051500*11*1~NM1*QC*1*SPEARS*DONNA****MI*2145~NM1*82*1*BAUER*LLOYD****XX*1619957537~REF*F8*X603673391~DTM*050*20240208~AMT*AU*67.60~SVC*AD:D0330*206*37.60~DTM*472*20240206~CAS*CO*45*168.40~REF*6R*DNT1192684630-1~AMT*B6*37.60~SVC*AD:D0150*150*30~DTM*472*20240206~CAS*CO*45*120~REF*6R*DNT1192684630-2~AMT*B6*30~SE*146*0001~GE*1*0~IEA*1*000000000~