ISA*00*          *00*          *30*330989922      *30*330989922      *240214*0723*^*00501*000000000*0*P*:~GS*HP*330989922*330989922*20240214*0723*0*X*005010X221A1~ST*835*0001~BPR*I*2564.60*C*ACH*CTX*01*011201539**483056469092*1810616910**01*021000322*DA*483056469092*20240210~TRN*1*4147050762*1810616910~REF*EV*100064~REF*F2*1645100~DTM*405*20240210~N1*PR*DENTAQUEST IPA OF NEW YORK LLC~N3*11100 WEST LIBERTY DRIVE~N4*MILWAUKEE*WI*53224~PER*BL**EM*EDITeam@greatdentalplans.com~N1*PE*The Smilist Dental PLLC*XX*1760806624~N3*40 CUTTER MILL RD*STE 500~N4*GREAT NECK*NY*11021~REF*TJ*464286999~LX*1~CLP*DNT1191672516*4*1244*0**MC*202403630720900*11*1~NM1*QC*1*DOWNER*JESSICA****MI*GU88026J~NM1*82*1*FORKER*KERI****XX*1033599212~REF*F8*X600998594~DTM*050*20240205~SVC*AD:D4341*460*0~DTM*472*20240116~CAS*CO*242*460~REF*6R*DNT1191672516-1~LQ*HE*M115~SVC*AD:D4341*460*0~DTM*472*20240116~CAS*CO*242*460~REF*6R*DNT1191672516-2~LQ*HE*M115~SVC*AD:D4381*81*0~DTM*472*20240116~CAS*CO*204*81~REF*6R*DNT1191672516-3~LQ*HE*M115~LQ*HE*N130~SVC*AD:D4381*81*0~DTM*472*20240116~CAS*CO*204*81~REF*6R*DNT1191672516-4~LQ*HE*M115~LQ*HE*N130~SVC*AD:D4381*81*0~DTM*472*20240116~CAS*CO*204*81~REF*6R*DNT1191672516-5~LQ*HE*M115~LQ*HE*N130~SVC*AD:D4381*81*0~DTM*472*20240116~CAS*CO*204*81~REF*6R*DNT1191672516-6~LQ*HE*M115~LQ*HE*N130~LX*2~CLP*DNT1191672515*4*1394*0**MC*202403630721100*11*1~NM1*QC*1*DOWNER*JESSICA****MI*GU88026J~NM1*82*1*FORKER*KERI****XX*1033599212~REF*F8*X600998593~DTM*050*20240205~SVC*AD:D4341*460*0~DTM*472*20240110~CAS*CO*242*460~REF*6R*DNT1191672515-1~LQ*HE*M115~SVC*AD:D4341*460*0~DTM*472*20240110~CAS*CO*242*460~REF*6R*DNT1191672515-2~LQ*HE*M115~SVC*AD:D4381*81*0~DTM*472*20240110~CAS*CO*204*81~REF*6R*DNT1191672515-3~LQ*HE*M115~LQ*HE*N130~SVC*AD:D4381*81*0~DTM*472*20240110~CAS*CO*204*81~REF*6R*DNT1191672515-4~LQ*HE*M115~LQ*HE*N130~SVC*AD:D4381*81*0~DTM*472*20240110~CAS*CO*204*81~REF*6R*DNT1191672515-5~LQ*HE*M115~LQ*HE*N130~SVC*AD:D4381*81*0~DTM*472*20240110~CAS*CO*204*81~REF*6R*DNT1191672515-6~LQ*HE*M115~LQ*HE*N130~SVC*AD:D0150*150*0~DTM*472*20240110~CAS*CO*242*150~REF*6R*DNT1191672515-7~LQ*HE*M115~LX*3~CLP*DNT1191672517*4*3405*0**MC*202403630721200*11*1~NM1*QC*1*DOWNER*JESSICA****MI*GU88026J~NM1*82*1*AUERBACH*TODD****XX*1568663557~REF*F8*X600998595~DTM*050*20240205~SVC*AD:D3320*1566*0~DTM*472*20240122~CAS*CO*242*1566~REF*6R*DNT1191672517-1~LQ*HE*M115~SVC*AD:D3330*1839*0~DTM*472*20240122~CAS*CO*242*1839~REF*6R*DNT1191672517-2~LQ*HE*M115~LX*4~CLP*387794104*1*967*357.60**MC*202403651431500*11*1~NM1*QC*1*MCERLEAN*AIDEN****MI*ER33308K~NM1*82*1*PETERSEN*BRIDGET****XX*1184044026~REF*F8*202403651431500~DTM*050*20240205~AMT*AU*404.40~SVC*AD:D1351*58*51.60~DTM*472*20240123~CAS*CO*45*6.40~AMT*B6*51.60~SVC*AD:D1351*58*51.60~DTM*472*20240123~CAS*CO*45*6.40~AMT*B6*51.60~SVC*AD:D0150*150*30~DTM*472*20240123~CAS*CO*45*120~AMT*B6*30~SVC*AD:D0220*50*16.80~DTM*472*20240123~CAS*CO*45*33.20~AMT*B6*16.80~SVC*AD:D0230*42*8.40~DTM*472*20240123~CAS*CO*45*33.60~AMT*B6*8.40~SVC*AD:D0230*42*8.40~DTM*472*20240123~CAS*CO*45*33.60~AMT*B6*8.40~SVC*AD:D0274*119*34.80~DTM*472*20240123~CAS*CO*45*84.20~AMT*B6*34.80~SVC*AD:D0210*206*1.20***AD:D0330~DTM*472*20240123~CAS*CO*97*204.80~AMT*B6*1.20~LQ*HE*M15~LQ*HE*M86~SVC*AD:D1120*126*51.60~DTM*472*20240123~CAS*CO*45*74.40~AMT*B6*51.60~SVC*AD:D1351*58*51.60~DTM*472*20240123~CAS*CO*45*6.40~AMT*B6*51.60~SVC*AD:D1351*58*51.60~DTM*472*20240123~CAS*CO*45*6.40~AMT*B6*51.60~LX*5~CLP*387794118*1*232*206.40**MC*202403651439000*11*1~NM1*QC*1*MCERLEAN*AIDEN****MI*ER33308K~NM1*82*1*PETERSEN*BRIDGET****XX*1184044026~REF*F8*202403651439000~DTM*050*20240205~AMT*AU*206.40~SVC*AD:D1351*58*51.60~DTM*472*20240123~CAS*CO*45*6.40~AMT*B6*51.60~SVC*AD:D1351*58*51.60~DTM*472*20240123~CAS*CO*45*6.40~AMT*B6*51.60~SVC*AD:D1351*58*51.60~DTM*472*20240123~CAS*CO*45*6.40~AMT*B6*51.60~SVC*AD:D1351*58*51.60~DTM*472*20240123~CAS*CO*45*6.40~AMT*B6*51.60~LX*6~CLP*387794123*1*912*322.80**MC*202403651460800*11*1~NM1*QC*1*MCERLEAN*LUKE****MI*EX95839R~NM1*82*1*PETERSEN*BRIDGET****XX*1184044026~REF*F8*202403651460800~DTM*050*20240205~AMT*AU*361.20~SVC*AD:D1351*58*51.60~DTM*472*20240123~CAS*CO*45*6.40~AMT*B6*51.60~SVC*AD:D0150*150*30~DTM*472*20240123~CAS*CO*45*120~AMT*B6*30~SVC*AD:D0220*50*16.80~DTM*472*20240123~CAS*CO*45*33.20~AMT*B6*16.80~SVC*AD:D0230*42*8.40~DTM*472*20240123~CAS*CO*45*33.60~AMT*B6*8.40~SVC*AD:D0274*119*34.80~DTM*472*20240123~CAS*CO*45*84.20~AMT*B6*34.80~SVC*AD:D0210*206*9.60***AD:D0330~DTM*472*20240123~CAS*CO*97*196.40~AMT*B6*9.60~LQ*HE*M15~LQ*HE*M86~SVC*AD:D1120*126*51.60~DTM*472*20240123~CAS*CO*45*74.40~AMT*B6*51.60~SVC*AD:D1208*45*16.80~DTM*472*20240123~CAS*CO*45*28.20~AMT*B6*16.80~SVC*AD:D1351*58*51.60~DTM*472*20240123~CAS*CO*45*6.40~AMT*B6*51.60~SVC*AD:D1351*58*51.60~DTM*472*20240123~CAS*CO*45*6.40~AMT*B6*51.60~LX*7~CLP*387794139*1*548*208.80**MC*202403651467000*11*1~NM1*QC*1*MCERLEAN*LUKE****MI*EX95839R~NM1*82*1*PETERSEN*BRIDGET****XX*1184044026~REF*F8*202403651467000~DTM*050*20240205~AMT*AU*208.80~SVC*AD:D1351*58*51.60~DTM*472*20240123~CAS*CO*45*6.40~AMT*B6*51.60~SVC*AD:D1351*58*51.60~DTM*472*20240123~CAS*CO*45*6.40~AMT*B6*51.60~SVC*AD:D1351*58*51.60~DTM*472*20240123~CAS*CO*45*6.40~AMT*B6*51.60~SVC*AD:D7140*374*54~DTM*472*20240123~CAS*CO*45*320~AMT*B6*54~LX*8~CLP*DNT1191933452*1*696*164.40**MC*202403731790800*11*1~NM1*QC*1*CHASE*JENNA****MI*EJ94646N~NM1*82*1*PETERSEN*BRIDGET****XX*1184044026~REF*F8*X601743372~DTM*050*20240206~AMT*AU*164.40~SVC*AD:D1110*184*69.60~DTM*472*20240201~CAS*CO*45*114.40~REF*6R*DNT1191933452-1~AMT*B6*69.60~SVC*AD:D0120*95*34.80~DTM*472*20240201~CAS*CO*45*60.20~REF*6R*DNT1191933452-2~AMT*B6*34.80~SVC*AD:D0330*206*0~DTM*472*20240201~CAS*CO*119*206~REF*6R*DNT1191933452-3~LQ*HE*N130~LQ*HE*N435~SVC*AD:D0230*42*8.40~DTM*472*20240201~CAS*CO*45*33.60~REF*6R*DNT1191933452-4~AMT*B6*8.40~SVC*AD:D0220*50*16.80~DTM*472*20240201~CAS*CO*45*33.20~REF*6R*DNT1191933452-5~AMT*B6*16.80~SVC*AD:D0274*119*34.80~DTM*472*20240201~CAS*CO*45*84.20~REF*6R*DNT1191933452-6~AMT*B6*34.80~LX*9~CLP*DNT1191933456*1*502*33.60**MC*202403731791600*11*1~NM1*QC*1*SERRANO*ROCIO****MI*CX84843E~NM1*82*1*PETERSEN*BRIDGET****XX*1184044026~REF*F8*X601743404~DTM*050*20240206~AMT*AU*33.60~SVC*AD:D2330*321*0~DTM*472*20240201~CAS*CO*96*321~REF*6R*DNT1191933456-1~LQ*HE*N180~SVC*AD:D0140*131*16.80~DTM*472*20240201~CAS*CO*45*114.20~REF*6R*DNT1191933456-2~AMT*B6*16.80~SVC*AD:D0220*50*16.80~DTM*472*20240201~CAS*CO*45*33.20~REF*6R*DNT1191933456-3~AMT*B6*16.80~LX*10~CLP*DNT1191933463*1*490*164.40**MC*202403731792100*11*1~NM1*QC*1*EGBERT*EMMA****MI*PV04927X~NM1*82*1*PETERSEN*BRIDGET****XX*1184044026~REF*F8*X601743460~DTM*050*20240206~AMT*AU*164.40~SVC*AD:D1110*184*69.60~DTM*472*20240201~CAS*CO*45*114.40~REF*6R*DNT1191933463-1~AMT*B6*69.60~SVC*AD:D0120*95*34.80~DTM*472*20240201~CAS*CO*45*60.20~REF*6R*DNT1191933463-2~AMT*B6*34.80~SVC*AD:D0230*42*8.40~DTM*472*20240201~CAS*CO*45*33.60~REF*6R*DNT1191933463-3~AMT*B6*8.40~SVC*AD:D0220*50*16.80~DTM*472*20240201~CAS*CO*45*33.20~REF*6R*DNT1191933463-4~AMT*B6*16.80~SVC*AD:D0274*119*34.80~DTM*472*20240201~CAS*CO*45*84.20~REF*6R*DNT1191933463-5~AMT*B6*34.80~LX*11~CLP*DNT1191980593*1*360*87**MC*202403731968700*11*1~NM1*QC*1*FORBES*BIANCA****MI*CF28510H~NM1*82*1*BAUER*LLOYD****XX*1619957537~REF*F8*X601856982~DTM*050*20240206~AMT*AU*87~SVC*AD:D2331*360*87~DTM*472*20240201~CAS*CO*45*273~REF*6R*DNT1191980593-1~AMT*B6*87~LX*12~CLP*DNT1193235696*1*181*33.60**MC*202404032725700*11*1~NM1*QC*1*MELVIN*AMOY****MI*FN76841T~NM1*82*1*PETERSEN*BRIDGET****XX*1184044026~REF*F8*X605081975~DTM*050*20240209~AMT*AU*33.60~SVC*AD:D0140*131*16.80~DTM*472*20240207~CAS*CO*45*114.20~REF*6R*DNT1193235696-1~AMT*B6*16.80~SVC*AD:D0220*50*16.80~DTM*472*20240207~CAS*CO*45*33.20~REF*6R*DNT1193235696-2~AMT*B6*16.80~LX*13~CLP*DNT1193235717*1*577*189.60**MC*202404032727600*11*1~NM1*QC*1*VALENTIN*LIANN****MI*EY59499Z~NM1*82*1*PETERSEN*BRIDGET****XX*1184044026~REF*F8*X605082225~DTM*050*20240209~AMT*AU*189.60~SVC*AD:D1208*45*16.80~DTM*472*20240207~CAS*CO*45*28.20~REF*6R*DNT1193235717-1~AMT*B6*16.80~SVC*AD:D0120*95*34.80~DTM*472*20240207~CAS*CO*45*60.20~REF*6R*DNT1193235717-2~AMT*B6*34.80~SVC*AD:D0230*42*8.40~DTM*472*20240207~CAS*CO*45*33.60~REF*6R*DNT1193235717-3~AMT*B6*8.40~SVC*AD:D0230*42*8.40~DTM*472*20240207~CAS*CO*45*33.60~REF*6R*DNT1193235717-3~AMT*B6*8.40~SVC*AD:D0220*50*16.80~DTM*472*20240207~CAS*CO*45*33.20~REF*6R*DNT1193235717-4~AMT*B6*16.80~SVC*AD:D0274*119*34.80~DTM*472*20240207~CAS*CO*45*84.20~REF*6R*DNT1193235717-5~AMT*B6*34.80~SVC*AD:D1110*184*69.60~DTM*472*20240207~CAS*CO*45*114.40~REF*6R*DNT1193235717-6~AMT*B6*69.60~LX*14~CLP*DNT1193235719*1*784*169.20**MC*202404032727900*11*1~NM1*QC*1*BOFILL*BROOKE****MI*HA46632D~NM1*82*1*PETERSEN*BRIDGET****XX*1184044026~REF*F8*X605082252~DTM*050*20240209~AMT*AU*169.20~SVC*AD:D1110*184*69.60~DTM*472*20240207~CAS*CO*45*114.40~REF*6R*DNT1193235719-1~AMT*B6*69.60~SVC*AD:D0330*206*0~DTM*472*20240207~CAS*CO*119*206~REF*6R*DNT1193235719-2~LQ*HE*N130~LQ*HE*N435~SVC*AD:D0210*244*69.60~DTM*472*20240207~CAS*CO*45*174.40~REF*6R*DNT1193235719-3~AMT*B6*69.60~SVC*AD:D0150*150*30~DTM*472*20240207~CAS*CO*45*120~REF*6R*DNT1193235719-4~AMT*B6*30~LX*15~CLP*DNT1193235720*1*818*186.40**MC*202404032728000*11*1~NM1*QC*1*VALENTIN*LESLIE****MI*EY59497D~NM1*82*1*PETERSEN*BRIDGET****XX*1184044026~REF*F8*X605082263~DTM*050*20240209~AMT*AU*186.40~SVC*AD:D1110*184*69.60~DTM*472*20240207~CAS*CO*45*114.40~REF*6R*DNT1193235720-1~AMT*B6*69.60~SVC*AD:D0120*95*34.80~DTM*472*20240207~CAS*CO*45*60.20~REF*6R*DNT1193235720-2~AMT*B6*34.80~SVC*AD:D0230*42*8.40~DTM*472*20240207~CAS*CO*45*33.60~REF*6R*DNT1193235720-3~AMT*B6*8.40~SVC*AD:D0220*50*16.80~DTM*472*20240207~CAS*CO*45*33.20~REF*6R*DNT1193235720-4~AMT*B6*16.80~SVC*AD:D0274*119*34.80~DTM*472*20240207~CAS*CO*45*84.20~REF*6R*DNT1193235720-5~AMT*B6*34.80~SVC*AD:D9990*328*22~DTM*472*20240207~CAS*CO*45*306~REF*6R*DNT1193235720-6~AMT*B6*22~LX*16~CLP*DNT1193235722*1*818*186.40**MC*202404032728300*11*1~NM1*QC*1*GONZALES CELIS*LIDEN****MI*EW07927P~NM1*82*1*PETERSEN*BRIDGET****XX*1184044026~REF*F8*X605082286~DTM*050*20240209~AMT*AU*186.40~SVC*AD:D1110*184*69.60~DTM*472*20240207~CAS*CO*45*114.40~REF*6R*DNT1193235722-1~AMT*B6*69.60~SVC*AD:D0120*95*34.80~DTM*472*20240207~CAS*CO*45*60.20~REF*6R*DNT1193235722-2~AMT*B6*34.80~SVC*AD:D0230*42*8.40~DTM*472*20240207~CAS*CO*45*33.60~REF*6R*DNT1193235722-3~AMT*B6*8.40~SVC*AD:D0220*50*16.80~DTM*472*20240207~CAS*CO*45*33.20~REF*6R*DNT1193235722-4~AMT*B6*16.80~SVC*AD:D0274*119*34.80~DTM*472*20240207~CAS*CO*45*84.20~REF*6R*DNT1193235722-5~AMT*B6*34.80~SVC*AD:D9990*328*22~DTM*472*20240207~CAS*CO*45*306~REF*6R*DNT1193235722-6~AMT*B6*22~LX*17~CLP*DNT1193235738*1*950*254.40**MC*202404032730000*11*1~NM1*QC*1*BINGA*COLLEEN****MI*AX00523R~NM1*82*1*PETERSEN*BRIDGET****XX*1184044026~REF*F8*X605082494~DTM*050*20240209~AMT*AU*254.40~SVC*AD:D2393*475*127.20~DTM*472*20240206~CAS*CO*45*347.80~REF*6R*DNT1193235738-1~AMT*B6*127.20~SVC*AD:D2393*475*127.20~DTM*472*20240206~CAS*CO*45*347.80~REF*6R*DNT1193235738-2~AMT*B6*127.20~SE*546*0001~GE*1*0~IEA*1*000000000~