ISA*00*          *00*          *30*330989922      *30*330989922      *240214*0747*^*00501*000000000*0*P*:~GS*HP*330989922*330989922*20240214*0747*0*X*005010X221A1~ST*835*0001~BPR*I*722.50*C*ACH*CCP*01***0001150756*1396ENCARA**01*021000322*DA*483068189645*20240214~TRN*1*075901560419032*1396ENCARA~REF*EV*330989922~DTM*405*20240210~N1*PR*DDNJ Individual~N3*PO BOX 103~N4*STEVENS POINT*WI*54481~REF*2U*396ENCARA~PER*BL*HELP DESK-IT CLAIMS DEPT*TE*7153446087*EX*17389*EM*HELP@DELTADENTALWI.COM~N1*PE*THE SMILIST DENTAL OF NEW JERSEY*FI*822272495~N3*PO BOX 411706~N4*BOSTON*MA*02241~LX*1~CLP*DNT1191952327*1*3333*722.50*747.50*12*2403733011*11~NM1*QC*1*MILLER*ALEXANDRA*M***MI*07706694420~NM1*82*1*DORAN*SCOTT****XX*1588963292~AMT*AU*3333~SVC*AD:D3320*1565*295~DTM*472*20240202~CAS*CO*45*975~CAS*PR*2*295~REF*6R*DNT1191952327-1~AMT*B6*590~SVC*AD:D2954*359*111~DTM*472*20240202~CAS*CO*45*137~CAS*PR*2*111~REF*6R*DNT1191952327-2~AMT*B6*222~SVC*AD:D2751*1409*316.50~DTM*472*20240202~CAS*CO*45*751~CAS*PR*1*25**2*316.50~REF*6R*DNT1191952327-3~AMT*B6*658~SE*37*0001~GE*1*0~IEA*1*000000000~