ISA*00*          *00*          *30*330989922      *30*330989922      *240214*0738*^*00501*000000000*0*P*:~GS*HP*330989922*330989922*20240214*0738*0*X*005010X221A1~ST*835*0001~BPR*I*71*C*ACH*CCP*01***0001150756*1396ENCARA**01*021000322*DA*483068189645*20240214~TRN*1*075901560418200*1396ENCARA~REF*EV*330989922~DTM*405*20240210~N1*PR*DDNJ Individual~N3*PO BOX 103~N4*STEVENS POINT*WI*54481~REF*2U*396ENCARA~PER*BL*HELP DESK-IT CLAIMS DEPT*TE*7153446087*EX*17389*EM*HELP@DELTADENTALWI.COM~N1*PE*THE SMILIST DENTAL OF NEW JERSEY*FI*822272495~N3*PO BOX 411706~N4*BOSTON*MA*02241~LX*1~CLP*DNT1191907718*1*237*71**12*2403733013*11~NM1*QC*1*HUDAK*MARJORIE*E***MI*07739835954~NM1*82*1*HALPIN*EOIN****XX*1336524396~AMT*AU*237~SVC*AD:D0140*131*39~DTM*472*20240203~CAS*CO*45*92~REF*6R*DNT1191907718-1~AMT*B6*39~SVC*AD:D0220*50*16~DTM*472*20240203~CAS*CO*45*34~REF*6R*DNT1191907718-2~AMT*B6*16~SVC*AD:D0270*56*16~DTM*472*20240203~CAS*CO*45*40~REF*6R*DNT1191907718-3~AMT*B6*16~SE*34*0001~GE*1*0~IEA*1*000000000~