ISA*00*          *00*          *30*330989922      *30*330989922      *240214*0741*^*00501*000000000*0*P*:~GS*HP*330989922*330989922*20240214*0741*0*X*005010X221A1~ST*835*0001~BPR*I*167*C*ACH*CCP*01***0001150756*1396ENCARA**01*021000322*DA*483068189645*20240214~TRN*1*075901560418532*1396ENCARA~REF*EV*330989922~DTM*405*20240210~N1*PR*DDNJ Individual~N3*PO BOX 103~N4*STEVENS POINT*WI*54481~REF*2U*396ENCARA~PER*BL*HELP DESK-IT CLAIMS DEPT*TE*7153446087*EX*17389*EM*HELP@DELTADENTALWI.COM~N1*PE*THE SMILIST DENTAL OF NEW JERSEY*FI*822272495~N3*PO BOX 411706~N4*BOSTON*MA*02241~LX*1~CLP*DNT1192659266*1*659*167**12*2403937638*11~NM1*QC*1*COSCIA*JOHN****MI*07775200659~NM1*82*1*HABIB*MICHAEL****XX*1154770170~AMT*AU*659~SVC*AD:D1110*184*67~DTM*472*20240206~CAS*CO*45*117~REF*6R*DNT1192659266-1~AMT*B6*67~SVC*AD:D0120*95*33~DTM*472*20240206~CAS*CO*45*62~REF*6R*DNT1192659266-2~AMT*B6*33~SVC*AD:D0274*119*40~DTM*472*20240206~CAS*CO*45*79~REF*6R*DNT1192659266-3~AMT*B6*40~SVC*AD:D0220*51*16~DTM*472*20240206~CAS*CO*45*35~REF*6R*DNT1192659266-4~AMT*B6*16~SVC*AD:D0230*210*11~DTM*472*20240206~CAS*CO*45*199~REF*6R*DNT1192659266-5~AMT*B6*11~SE*44*0001~GE*1*0~IEA*1*000000000~