ISA*00*          *00*          *30*330989922      *30*330989922      *240214*0734*^*00501*000000000*0*P*:~GS*HP*330989922*330989922*20240214*0734*0*X*005010X221A1~ST*835*0001~BPR*I*107*C*ACH*CCP*01***0001150756*1396ENCARA**01*021000322*DA*483068189645*20240214~TRN*1*075901560417800*1396ENCARA~REF*EV*330989922~DTM*405*20240210~N1*PR*DDNJ Individual~N3*PO BOX 103~N4*STEVENS POINT*WI*54481~REF*2U*396ENCARA~PER*BL*HELP DESK-IT CLAIMS DEPT*TE*7153446087*EX*17389*EM*HELP@DELTADENTALWI.COM~N1*PE*THE SMILIST DENTAL OF NEW JERSEY*FI*822272495~N3*PO BOX 411706~N4*BOSTON*MA*02241~LX*1~CLP*DNT1192937942*1*532*107*60*12*2404037828*11~NM1*QC*1*PESCORAN*ANTHONY****MI*07786491323~NM1*74*1***G~NM1*82*1*LEARY*PAUL****XX*1760569305~AMT*AU*532~SVC*AD:D1110*184*67~DTM*472*20240207~CAS*CO*45*117~REF*6R*DNT1192937942-1~AMT*B6*67~SVC*AD:D0274*119*13~DTM*472*20240207~CAS*CO*45*79~CAS*PR*2*27~REF*6R*DNT1192937942-2~AMT*B6*40~SVC*AD:D0220*50*16~DTM*472*20240207~CAS*CO*45*34~REF*6R*DNT1192937942-3~AMT*B6*16~SVC*AD:D0230*84*11~DTM*472*20240207~CAS*CO*45*73~REF*6R*DNT1192937942-4~AMT*B6*11~SVC*AD:D0120*95*0~DTM*472*20240207~CAS*CO*45*62~CAS*PR*2*33~REF*6R*DNT1192937942-5~AMT*B6*33~SE*47*0001~GE*1*0~IEA*1*000000000~