ISA*00*          *00*          *30*330989922      *30*330989922      *240214*0718*^*00501*000000000*0*P*:~GS*HP*330989922*330989922*20240214*0718*0*X*005010X221A1~ST*835*0001~BPR*I*102.80*C*ACH*CCP*01*042100272**7480795058*1591031071**01*021000322*DA*483056469092*20240214~TRN*1*601400676201*1591031071~REF*EV*900117186~REF*F2*GWFC~DTM*405*20240210~N1*PR*GreatWestHealthcare-CIGNA~N3*8505 E. Orchard Rd~N4*Greenwood Village*CO*80111~REF*2U*80705~PER*BL*EDI HELP DESK*TE*8008103388~PER*CX*GWHC_EDIPROD*EM*EDIEscalatedRequests@Cigna.com*TE*8008103388~N1*PE*THE SMILIST DENTAL PLLC*XX*1760806624~N3*PO BOX 411706~N4*BOSTON*MA*022411706~REF*PQ*200065473358~REF*TJ*464286999~LX*1~TS3*1760806624*11*20241231*1*2393~CLP*DNT1190623816*1*2393*102.80*946.20*12*240349991400*11*1~NM1*QC*1*PALOMINO*ANDREA****MI*10562548100~NM1*82*1*LANE*ALINA****XX*1518393990~REF*1L*00607304~REF*CE*Preferred Provider Organization~DTM*232*20240129~DTM*233*20240129~DTM*050*20240131~AMT*AU*128.50~SVC*AD:D2330*321*99.20**1~DTM*232*20240129~DTM*233*20240129~DTM*050*20240131~CAS*CO*45*197~CAS*PR*2*24.80~REF*6R*DNT1190623816-1~AMT*B6*124~SVC*AD:D2391*328*3.60**1~DTM*232*20240129~DTM*233*20240129~DTM*050*20240131~CAS*CO*45*179~CAS*PR*119*144.50**2*0.90~REF*6R*DNT1190623816-2~AMT*B6*4.50~LQ*HE*N362~SVC*AD:D2391*328*0**1~DTM*232*20240129~DTM*233*20240129~DTM*050*20240131~CAS*CO*45*179~CAS*PR*119*149~REF*6R*DNT1190623816-3~LQ*HE*N362~SVC*AD:D2140*328*0**1*AD:D2391~DTM*232*20240129~DTM*233*20240129~DTM*050*20240131~CAS*CO*45*179~CAS*PR*169*56**119*93~REF*6R*DNT1190623816-4~LQ*HE*N10~LQ*HE*N362~LQ*HE*N381~SVC*AD:D2391*328*0**1~DTM*232*20240129~DTM*233*20240129~DTM*050*20240131~CAS*CO*45*179~CAS*PR*119*149~REF*6R*DNT1190623816-5~LQ*HE*N362~SVC*AD:D2391*328*0**1~DTM*232*20240129~DTM*233*20240129~DTM*050*20240131~CAS*CO*45*179~CAS*PR*119*149~REF*6R*DNT1190623816-6~LQ*HE*N362~SVC*AD:D2332*432*0**1~DTM*232*20240129~DTM*233*20240129~DTM*050*20240131~CAS*CO*45*252~CAS*PR*119*180~REF*6R*DNT1190623816-7~LQ*HE*N362~SE*88*0001~GE*1*0~IEA*1*000000000~