ISA*00*          *00*          *30*330989922      *30*330989922      *240214*0725*^*00501*000000000*0*P*:~GS*HP*330989922*330989922*20240214*0725*0*X*005010X221A1~ST*835*0001~BPR*I*34*C*ACH*CCP*01*123206516**153200002027*1930438772**01*021000322*DA*483056469092*20240212~TRN*1*2024021250300411*1930438772~REF*EV*EHG5010835~REF*F2*5.10~DTM*405*20240212~N1*PR*Oregon Dental Service~N3*601 SW Second Ave~N4*Portland*OR*97204~PER*BL*EDI Dept*TE*5032286554*TE*8008525195*UR*www.modahealth.com~N1*PE*The Smilist Dental PLLC*XX*1760806624~N3*PO BOX 411706~N4*BOSTON*MA*02241~REF*TJ*464286999~LX*1~TS3*1760806624*11*20241231*1*110~CLP*DNT1191443824*1*110*34*76*12*240333632700*11*1~NM1*QC*1*Cotton*Nicole*J***MI*F42315484~NM1*82*1*Culpepper*Scott*B***XX*1760806624~REF*CE*Delta Preferred Option                 NPF Pricing~REF*1L*10016346~REF*F8*X600381473~DTM*050*20240202~AMT*AU*34~SVC*AD:D0140*34*34**1~DTM*472*20240130~REF*6R*DNT1191443824-1~AMT*B6*34~SVC*AD:D0210*76*0**1~DTM*472*20240130~CAS*PR*119*76~REF*6R*DNT1191443824-2~LQ*HE*N640~SE*34*0001~GE*1*0~IEA*1*000000000~