ISA*00*          *00*          *30*330989922      *30*330989922      *240214*0751*^*00501*000000000*0*P*:~GS*HP*330989922*330989922*20240214*0751*0*X*005010X221A1~ST*835*0001~BPR*I*208*C*ACH*CCP*01***0001150756*1396ENCARA**01*021000322*DA*483068189645*20240214~TRN*1*075901560419130*1396ENCARA~REF*EV*330989922~DTM*405*20240210~N1*PR*DDNJ Individual~N3*PO BOX 103~N4*STEVENS POINT*WI*54481~REF*2U*396ENCARA~PER*BL*HELP DESK-IT CLAIMS DEPT*TE*7153446087*EX*17389*EM*HELP@DELTADENTALWI.COM~N1*PE*THE SMILIST DENTAL OF NEW JERSEY*FI*822272495~N3*PO BOX 411706~N4*BOSTON*MA*02241~LX*1~CLP*DNT1191664048*1*945*208**12*2403632521*11~NM1*QC*1*MAY*DANYELLE****MI*07764034089~NM1*82*1*BUTTACAVOLI*MARC****XX*1104048305~AMT*AU*945~SVC*AD:D1110*184*75~DTM*472*20240201~CAS*CO*45*109~REF*6R*DNT1191664048-1~AMT*B6*75~SVC*AD:D0120*95*38~DTM*472*20240201~CAS*CO*45*57~REF*6R*DNT1191664048-2~AMT*B6*38~SVC*AD:D0210*119*95***AD:D0274~DTM*472*20240201~CAS*CO*45*327~CAS*OA*94*-303~REF*6R*DNT1191664048-4~AMT*B6*95~SVC*AD:D0210*51*0***AD:D0220~DTM*472*20240201~CAS*PI*97*51~REF*6R*DNT1191664048-5~SVC*AD:D0210*252*0***AD:D0230~DTM*472*20240201~CAS*PI*97*252~REF*6R*DNT1191664048-6~SE*43*0001~GE*1*0~IEA*1*000000000~