ISA*00*          *00*          *30*330989922      *30*330989922      *240214*0829*^*00501*000000000*0*P*:~GS*HP*330989922*330989922*20240214*0829*0*X*005010X221A1~ST*835*0001~BPR*I*100.90*C*ACH*CCP*01*07300064**052361*2420959302**01*21000322*DA*483056469092*20240207~TRN*1*924020702518*1420959302~N1*PR*DELTA DENTAL OF IOWA~N3*9000 NORTHPARK DRIVE~N4*JOHNSTON*IA*501314817~PER*BL*RENEE BLAKELY*EM*RBLAKELY@DELTADENTALIA.COM*TE*5152615558~N1*PE*THE SMILIST*FI*464286999~N3*PO BOX 411706~N4*BOSTON*MA*02241~LX*1~TS3*1872270*11*20241231*1*544~CLP*240311000033*1*544*100.90*58.10*12*202403318101-000~NM1*QC*1*RECKSIEK*EUNSIL****MI*3924212~NM1*IL*1*RECKSIEK*EUNSIL****MI*3924212~NM1*82*1*SISHTA*ANIL****XX*1063978112~DTM*050*20240202~SVC*AD:D1206*55*0**1~DTM*472*20240118~CAS*CO*45*27**204*0~CAS*PR*2*28~SVC*AD:D4910*260*45.90**1~DTM*472*20240118~CAS*CO*45*184~CAS*PR*1*25**2*5.10~AMT*B6*76~SVC*AD:D0120*95*31**1~DTM*472*20240118~CAS*CO*45*64~AMT*B6*31~SVC*AD:D0230*84*9**1~DTM*472*20240118~CAS*CO*45*75~AMT*B6*9~SVC*AD:D0220*50*15**1~DTM*472*20240118~CAS*CO*45*35~AMT*B6*15~SE*39*0001~GE*1*0~IEA*1*000000000~