ISA*00*          *00*          *30*330989922      *30*330989922      *240214*0752*^*00501*000000000*0*P*:~GS*HP*330989922*330989922*20240214*0752*0*X*005010X221A1~ST*835*0001~BPR*I*50.40*C*ACH*CCP*01*075901561**0001137690*1396094742**01*021000322*DA*483068189645*20240214~TRN*1*075901561644648*1396094742~REF*EV*330989922~DTM*405*20240210~N1*PR*DDWI~N3*PO BOX 828~N4*STEVENS POINT*WI*54481~REF*2U*396094742~PER*BL*HELP DESK-IT CLAIMS DEPT*TE*7153446087*EX*17389*EM*HELP@DELTADENTALWI.COM~N1*PE*THE SMILIST DENTAL OF NEW JERSEY*FI*822272495~N3*PO BOX 411706~N4*BOSTON*MA*02241~LX*1~CLP*DNT1192931933*1*260*50.40*62.60*12*2404035079*11~NM1*QC*1*PATEL*KUNAL****MI*08065213059~NM1*82*1*ANSARI*BAHAR****XX*1538397187~AMT*AU*260~SVC*AD:D4910*260*50.40~DTM*472*20240207~CAS*CO*45*147~CAS*PR*1*50**2*12.60~REF*6R*DNT1192931933-1~AMT*B6*113~SE*25*0001~GE*1*0~IEA*1*000000000~