ISA*00*          *00*          *30*330989922      *30*330989922      *240214*0735*^*00501*000000000*0*P*:~GS*HP*330989922*330989922*20240214*0735*0*X*005010X221A1~ST*835*0001~BPR*I*146*C*ACH*CCP*01***0001150756*1396ENCARA**01*021000322*DA*483068189645*20240214~TRN*1*075901560418042*1396ENCARA~REF*EV*330989922~DTM*405*20240210~N1*PR*DDNJ Individual~N3*PO BOX 103~N4*STEVENS POINT*WI*54481~REF*2U*396ENCARA~PER*BL*HELP DESK-IT CLAIMS DEPT*TE*7153446087*EX*17389*EM*HELP@DELTADENTALWI.COM~N1*PE*THE SMILIST DENTAL OF NEW JERSEY*FI*822272495~N3*PO BOX 411706~N4*BOSTON*MA*02241~LX*1~CLP*DNT1191718404*1*202*0*202*12*2403632513*11~NM1*QC*1*DELANEY*ROY****MI*07761653379~NM1*74*1***J~NM1*82*1*ISAAC*ASSABI****XX*1831471028~AMT*AU*202~SVC*AD:D9310*202*0~DTM*472*20240201~CAS*PR*204*202~REF*6R*DNT1191718404-1~CLP*DNT1191901971*1*1390*146*450*12*2403733005*11~NM1*QC*1*DELANEY*ROY****MI*07761653379~NM1*74*1***J~NM1*82*1*ISAAC*ASSABI****XX*1831471028~AMT*AU*1390~SVC*AD:D7210*695*73~DTM*472*20240202~CAS*CO*45*397~CAS*PR*2*225~REF*6R*DNT1191901971-1~AMT*B6*298~SVC*AD:D7210*695*73~DTM*472*20240202~CAS*CO*45*397~CAS*PR*2*225~REF*6R*DNT1191901971-2~AMT*B6*298~SE*41*0001~GE*1*0~IEA*1*000000000~