ISA*00*          *00*          *30*330989922      *30*330989922      *240214*0801*^*00501*000000000*0*P*:~GS*HP*330989922*330989922*20240214*0801*0*X*005010X221A1~ST*835*0001~BPR*I*94.40*C*ACH*CCP*01*075901561**0001137690*1396094742**01*021000322*DA*483056469092*20240214~TRN*1*075901561644689*1396094742~REF*EV*330989922~DTM*405*20240210~N1*PR*DDWI~N3*PO BOX 828~N4*STEVENS POINT*WI*54481~REF*2U*396094742~PER*BL*HELP DESK-IT CLAIMS DEPT*TE*7153446087*EX*17389*EM*HELP@DELTADENTALWI.COM~N1*PE*THE SMILIST*FI*464286999~N3*PO BOX 411706~N4*BOSTON*MA*02241~LX*1~CLP*DNT1191693637*1*554*94.40*73.60*12*2403632594*11~NM1*QC*1*JIMENEZ*LUZ*E***MI*08022605952~NM1*IL*1*JIMENEZ*HERBERT****MI*08022605952~NM1*82*1*YAGUDAYEV*DANIEL****XX*1235663436~AMT*AU*554~SVC*AD:D2394*554*94.40~DTM*472*20240201~CAS*CO*45*386~CAS*PR*1*50**2*23.60~REF*6R*DNT1191693637-1~AMT*B6*168~SE*26*0001~GE*1*0~IEA*1*000000000~