ISA*00*          *00*          *30*330989922      *30*330989922      *240214*0738*^*00501*000000000*0*P*:~GS*HP*330989922*330989922*20240214*0738*0*X*005010X221A1~ST*835*0001~BPR*I*160.60*C*ACH*CCP*01***0001150756*1396ENCARA**01*021000322*DA*483068189645*20240214~TRN*1*075901560418232*1396ENCARA~REF*EV*330989922~DTM*405*20240210~N1*PR*DDNJ Individual~N3*PO BOX 103~N4*STEVENS POINT*WI*54481~REF*2U*396ENCARA~PER*BL*HELP DESK-IT CLAIMS DEPT*TE*7153446087*EX*17389*EM*HELP@DELTADENTALWI.COM~N1*PE*THE SMILIST DENTAL OF NEW JERSEY*FI*822272495~N3*PO BOX 411706~N4*BOSTON*MA*02241~LX*1~CLP*DNT1192931928*1*606*160.60*96.40*12*2404037829*11~NM1*QC*1*ZACCARO*LISA*J***MI*07718158176~NM1*IL*1*ZACCARO*ROBERT B*B***MI*07718158176~NM1*74*1**ROBERT~NM1*82*1*ANSARI*BAHAR****XX*1538397187~AMT*AU*606~SVC*AD:D2150*400*65.60***AD:D2392~DTM*472*20240207~CAS*CO*45*238~CAS*PR*169*30**1*50**2*16.40~REF*6R*DNT1192931928-1~AMT*B6*132~SVC*AD:D0330*206*95~DTM*472*20240207~CAS*CO*45*111~REF*6R*DNT1192931928-2~AMT*B6*95~SE*32*0001~GE*1*0~IEA*1*000000000~