ISA*00*          *00*          *30*330989922      *30*330989922      *240214*0746*^*00501*000000000*0*P*:~GS*HP*330989922*330989922*20240214*0746*0*X*005010X221A1~ST*835*0001~BPR*I*75*C*ACH*CCP*01***0001150756*1396ENCARA**01*021000322*DA*483068189645*20240214~TRN*1*075901560418971*1396ENCARA~REF*EV*330989922~DTM*405*20240210~N1*PR*DDNJ Individual~N3*PO BOX 103~N4*STEVENS POINT*WI*54481~REF*2U*396ENCARA~PER*BL*HELP DESK-IT CLAIMS DEPT*TE*7153446087*EX*17389*EM*HELP@DELTADENTALWI.COM~N1*PE*THE SMILIST DENTAL OF NEW JERSEY*FI*822272495~N3*PO BOX 411706~N4*BOSTON*MA*02241~LX*1~CLP*DNT1192575322*1*184*75**12*2403937641*11~NM1*QC*1*ALFANO*BRITTANY****MI*07760211917~NM1*IL*1*ALFANO*ANDREW****MI*07760211917~NM1*82*1*BUTTACAVOLI*MARC****XX*1104048305~AMT*AU*184~SVC*AD:D1110*184*75~DTM*472*20240206~CAS*CO*45*109~REF*6R*DNT1192575322-1~AMT*B6*75~SE*25*0001~GE*1*0~IEA*1*000000000~