ISA*00*          *00*          *30*330989922      *30*330989922      *240214*0719*^*00501*000000000*0*P*:~GS*HP*330989922*330989922*20240214*0719*0*X*005010X221A1~ST*835*0001~BPR*I*79*C*ACH*CCP*01*042100272**7480795058*1591031071**01*021000322*DA*483056469092*20240214~TRN*1*601400669050*1591031071~REF*EV*900117186~REF*F2*GWFC~DTM*405*20240212~N1*PR*GreatWestHealthcare-CIGNA~N3*8505 E. Orchard Rd~N4*Greenwood Village*CO*80111~REF*2U*80705~PER*BL*EDI HELP DESK*TE*8008103388~PER*CX*GWHC_EDIPROD*EM*EDIEscalatedRequests@Cigna.com*TE*8008103388~N1*PE*THE SMILIST DENTAL PLLC*XX*1760806624~N3*PO BOX 411706~N4*BOSTON*MA*022411706~REF*PQ*200060281505~REF*TJ*464286999~LX*1~TS3*1760806624*11*20241231*1*184~CLP*DNT1192759736*1*184*79**12*240452168500*11*1~NM1*QC*1*MASTOLONI*JOSEPH*F***MI*10308371700~NM1*82*1*CALIAN*ERIC****XX*1962719237~REF*1L*00616992~REF*CE*Preferred Provider Organization~DTM*232*20240206~DTM*233*20240206~DTM*050*20240208~AMT*AU*79~SVC*AD:D1110*184*79**1~DTM*232*20240206~DTM*233*20240206~DTM*050*20240208~CAS*CO*45*105~REF*6R*DNT1192759736-1~AMT*B6*79~SE*36*0001~GE*1*0~IEA*1*000000000~