ISA*00*          *00*          *30*330989922      *30*330989922      *240214*0752*^*00501*000000000*0*P*:~GS*HP*330989922*330989922*20240214*0752*0*X*005010X221A1~ST*835*0001~BPR*I*168*C*ACH*CCP*01*075901561**0001137690*1396094742**01*021000322*DA*483068189645*20240214~TRN*1*075901561644631*1396094742~REF*EV*330989922~DTM*405*20240210~N1*PR*DDWI~N3*PO BOX 828~N4*STEVENS POINT*WI*54481~REF*2U*396094742~PER*BL*HELP DESK-IT CLAIMS DEPT*TE*7153446087*EX*17389*EM*HELP@DELTADENTALWI.COM~N1*PE*THE SMILIST DENTAL OF NEW JERSEY*FI*822272495~N3*PO BOX 411706~N4*BOSTON*MA*02241~LX*1~CLP*DNT1192235274*1*477*168**12*2403834009*11~NM1*QC*1*MATTHEWS*DONNIE*J***MI*08014355515~NM1*IL*1*MATTHEWS*DONNIE****MI*08014355515~NM1*74*1***L~NM1*82*1*FAYEK*FOUAD****XX*1073205985~AMT*AU*477~SVC*AD:D1120*125*49~DTM*472*20240205~CAS*CO*45*76~REF*6R*DNT1192235274-1~AMT*B6*49~SVC*AD:D0120*95*38~DTM*472*20240205~CAS*CO*45*57~REF*6R*DNT1192235274-2~AMT*B6*38~SVC*AD:D1208*45*24~DTM*472*20240205~CAS*CO*45*21~REF*6R*DNT1192235274-3~AMT*B6*24~SVC*AD:D0272*119*30***AD:D0274~DTM*472*20240205~CAS*CO*45*89~REF*6R*DNT1192235274-4~AMT*B6*30~SVC*AD:D0220*51*16~DTM*472*20240205~CAS*CO*45*35~REF*6R*DNT1192235274-5~AMT*B6*16~SVC*AD:D0230*42*11~DTM*472*20240205~CAS*CO*45*31~REF*6R*DNT1192235274-6~AMT*B6*11~SE*51*0001~GE*1*0~IEA*1*000000000~