ISA*00*          *00*          *30*330989922      *30*330989922      *240214*0724*^*00501*000000000*0*P*:~GS*HP*330989922*330989922*20240214*0724*0*X*005010X221A1~ST*835*0001~BPR*I*1374*C*ACH*CTX*01*011201539**483056469092*1810616910**01*021000322*DA*483056469092*20240210~TRN*1*3757049044*1810616910~REF*EV*100064~REF*F2*1644415~DTM*405*20240210~N1*PR*DENTAQUEST IPA OF NEW YORK LLC~N3*11100 WEST LIBERTY DRIVE~N4*MILWAUKEE*WI*53224~PER*BL**EM*EDITeam@greatdentalplans.com~N1*PE*The Smilist Dental PLLC*XX*1760806624~N3*40 CUTTER MILL RD*STE 500~N4*GREAT NECK*NY*11021~REF*TJ*464286999~LX*1~CLP*DNT1191980514*1*242*51**MC*202403731984300*11*1~NM1*QC*1*ALLEN*CONSTANCE****MI*HC0759771~NM1*82*1*GOLDSMITH*MATTHEW****XX*1053455089~REF*F8*X601863787~DTM*050*20240206~AMT*AU*51~SVC*AD:D0220*50*14~DTM*472*20240202~CAS*CO*45*36~REF*6R*DNT1191980514-1~AMT*B6*14~SVC*AD:D0230*42*7~DTM*472*20240202~CAS*CO*45*35~REF*6R*DNT1191980514-2~AMT*B6*7~SVC*AD:D0150*150*30~DTM*472*20240202~CAS*CO*45*120~REF*6R*DNT1191980514-3~AMT*B6*30~LX*2~CLP*DNT1193186696*1*510*123**MC*202404032653000*11*1~NM1*QC*1*WILLKOMM*LORRAINE****MI*HC0351297~NM1*82*1*JUNG*JUNHO****XX*1295859718~REF*F8*X605015278~DTM*050*20240209~AMT*AU*123~SVC*AD:D0150*150*30~DTM*472*20240207~CAS*CO*45*120~REF*6R*DNT1193186696-1~AMT*B6*30~SVC*AD:D0220*50*14~DTM*472*20240207~CAS*CO*45*36~REF*6R*DNT1193186696-2~AMT*B6*14~SVC*AD:D0230*42*7~DTM*472*20240207~CAS*CO*45*35~REF*6R*DNT1193186696-3~AMT*B6*7~SVC*AD:D0230*42*7~DTM*472*20240207~CAS*CO*45*35~REF*6R*DNT1193186696-3~AMT*B6*7~SVC*AD:D0230*42*7~DTM*472*20240207~CAS*CO*45*35~REF*6R*DNT1193186696-3~AMT*B6*7~SVC*AD:D1110*184*58~DTM*472*20240207~CAS*CO*45*126~REF*6R*DNT1193186696-4~AMT*B6*58~LX*3~CLP*DNT1193186711*1*5912*1200**MC*202404032653500*11*1~NM1*QC*1*HALL*ROBERT****MI*HC0867900~NM1*82*1*GOLDSMITH*MATTHEW****XX*1053455089~REF*F8*X605015379~DTM*050*20240209~AMT*AU*1200~SVC*AD:D5110*2954*600~DTM*472*20240207~CAS*CO*45*2354~REF*6R*DNT1193186711-1~AMT*B6*600~SVC*AD:D5120*2958*600~DTM*472*20240207~CAS*CO*45*2358~REF*6R*DNT1193186711-2~AMT*B6*600~SE*91*0001~GE*1*0~IEA*1*000000000~