ISA*00*          *00*          *30*330989922      *30*330989922      *240214*0736*^*00501*000000000*0*P*:~GS*HP*330989922*330989922*20240214*0736*0*X*005010X221A1~ST*835*0001~BPR*I*430*C*ACH*CCP*01***0001150756*1396ENCARA**01*021000322*DA*483068189645*20240214~TRN*1*075901560418043*1396ENCARA~REF*EV*330989922~DTM*405*20240210~N1*PR*DDNJ Individual~N3*PO BOX 103~N4*STEVENS POINT*WI*54481~REF*2U*396ENCARA~PER*BL*HELP DESK-IT CLAIMS DEPT*TE*7153446087*EX*17389*EM*HELP@DELTADENTALWI.COM~N1*PE*THE SMILIST DENTAL OF NEW JERSEY*FI*822272495~N3*PO BOX 411706~N4*BOSTON*MA*02241~LX*1~CLP*DNT1188767466*1*3366*430*1208*12*2402334861*11~NM1*QC*1*BURRUSS*JANE****MI*07766619326~NM1*82*1*PATEL*KRIPA****XX*1316615586~AMT*AU*3366~SVC*AD:D2391*239*0~DTM*472*20230928~CAS*CO*45*130~CAS*PR*2*109~REF*6R*DNT1188767466-1~AMT*B6*109~SVC*AD:D5213*2324*364~DTM*472*20230928~CAS*CO*45*1210~CAS*PR*2*750~REF*6R*DNT1188767466-2~AMT*B6*1114~SVC*AD:D2391*239*0~DTM*472*20230928~CAS*CO*45*130~CAS*PR*2*109~REF*6R*DNT1188767466-3~AMT*B6*109~SVC*AD:D2332*282*33~DTM*472*20230928~CAS*CO*45*129~CAS*PR*2*120~REF*6R*DNT1188767466-4~AMT*B6*153~SVC*AD:D2332*282*33~DTM*472*20230928~CAS*CO*45*129~CAS*PR*2*120~REF*6R*DNT1188767466-5~AMT*B6*153~SE*49*0001~GE*1*0~IEA*1*000000000~