ISA*00*          *00*          *30*330989922      *30*330989922      *240214*0751*^*00501*000000000*0*P*:~GS*HP*330989922*330989922*20240214*0751*0*X*005010X221A1~ST*835*0001~BPR*I*100*C*ACH*CCP*01*075901561**0001137690*1396094742**01*021000322*DA*483068189645*20240214~TRN*1*075901561644611*1396094742~REF*EV*330989922~DTM*405*20240210~N1*PR*DDWI~N3*PO BOX 828~N4*STEVENS POINT*WI*54481~REF*2U*396094742~PER*BL*HELP DESK-IT CLAIMS DEPT*TE*7153446087*EX*17389*EM*HELP@DELTADENTALWI.COM~N1*PE*THE SMILIST DENTAL OF NEW JERSEY*FI*822272495~N3*PO BOX 411706~N4*BOSTON*MA*02241~LX*1~CLP*DNT1192220604*1*279*100**12*2403834007*11~NM1*QC*1*STROUT*TALIA****MI*08057465928~NM1*IL*1*STROUT*JONATHA****MI*08057465928~NM1*74*1**JONATHAN*A~NM1*82*1*HALPIN*EOIN****XX*1336524396~AMT*AU*279~SVC*AD:D0120*95*33~DTM*472*20240201~CAS*CO*45*62~REF*6R*DNT1192220604-1~AMT*B6*33~SVC*AD:D1110*184*67~DTM*472*20240201~CAS*CO*45*117~REF*6R*DNT1192220604-2~AMT*B6*67~SE*31*0001~GE*1*0~IEA*1*000000000~