ISA*00*          *00*          *30*330989922      *30*330989922      *240214*0736*^*00501*000000000*0*P*:~GS*HP*330989922*330989922*20240214*0736*0*X*005010X221A1~ST*835*0001~BPR*I*7*C*ACH*CCP*01***0001150756*1396ENCARA**01*021000322*DA*483068189645*20240214~TRN*1*075901560418052*1396ENCARA~REF*EV*330989922~DTM*405*20240210~N1*PR*DDNJ Individual~N3*PO BOX 103~N4*STEVENS POINT*WI*54481~REF*2U*396ENCARA~PER*BL*HELP DESK-IT CLAIMS DEPT*TE*7153446087*EX*17389*EM*HELP@DELTADENTALWI.COM~N1*PE*THE SMILIST DENTAL OF NEW JERSEY*FI*822272495~N3*PO BOX 411706~N4*BOSTON*MA*02241~LX*1~CLP*DNT1191723071*1*184*7*60*12*2403632517*11~NM1*QC*1*SICOLI*ROSEMARIE****MI*07707035510~NM1*82*1*RUBULOTTA*JOSEPH****XX*1558539163~AMT*AU*184~SVC*AD:D1110*184*7~DTM*472*20240201~CAS*CO*45*117~CAS*PR*2*60~REF*6R*DNT1191723071-1~AMT*B6*67~SE*25*0001~GE*1*0~IEA*1*000000000~