ISA*00*          *00*          *30*330989922      *30*330989922      *240214*0720*^*00501*000000000*0*P*:~GS*HP*330989922*330989922*20240214*0720*0*X*005010X221A1~ST*835*0001~BPR*I*152.50*C*ACH*CCP*01*042100272**7480795058*1591031071**01*021000322*DA*483056469092*20240214~TRN*1*601400664392*1591031071~REF*EV*900117186~REF*F2*GWFC~DTM*405*20240212~N1*PR*GreatWestHealthcare-CIGNA~N3*8505 E. Orchard Rd~N4*Greenwood Village*CO*80111~REF*2U*80705~PER*BL*EDI HELP DESK*TE*8008103388~PER*CX*GWHC_EDIPROD*EM*EDIEscalatedRequests@Cigna.com*TE*8008103388~N1*PE*THE SMILIST DENTAL PLLC*XX*1760806624~N3*PO BOX 411706~N4*BOSTON*MA*022411706~REF*PQ*200056627123~REF*TJ*464286999~LX*1~TS3*1760806624*11*20241231*1*3301~CLP*DNT1186014069*1*3301*152.50*1056.50*12*240117291000*11*1~NM1*QC*1*SONNENBERG*LAUREN****MI*10887572800~NM1*82*1*SISHTA*ANIL****XX*1063978112~REF*1L*00637888~REF*CE*Preferred Provider Organization~DTM*232*20240108~DTM*233*20240108~DTM*050*20240110~AMT*AU*288~SVC*AD:D2791*2483*0**1*AD:D2740~DTM*232*20240108~DTM*233*20240108~DTM*050*20240110~CAS*CO*45*1562~CAS*PR*119*921~REF*6R*DNT1186014069-1D01~LQ*HE*N362~SVC*AD:D2954*637*85.50**1~DTM*232*20240108~DTM*233*20240108~DTM*050*20240110~CAS*CO*45*416~CAS*PR*2*85.50**1*50~REF*6R*DNT1186014069-2D02~AMT*B6*221~SVC*AD:D0140*131*49**1~DTM*232*20240108~DTM*233*20240108~DTM*050*20240110~CAS*CO*45*82~REF*6R*DNT1186014069-3D03~AMT*B6*49~SVC*AD:D0220*50*18**1~DTM*232*20240108~DTM*233*20240108~DTM*050*20240110~CAS*CO*45*32~REF*6R*DNT1186014069-4D04~AMT*B6*18~SE*59*0001~GE*1*0~IEA*1*000000000~