ISA*00*          *00*          *30*330989922      *30*330989922      *240214*0724*^*00501*000000000*0*P*:~GS*HP*330989922*330989922*20240214*0724*0*X*005010X221A1~ST*835*0001~BPR*I*140*C*ACH*CTX*01*011201539**483056469092*1810616910**01*021000322*DA*483056469092*20240210~TRN*1*3887049645*1810616910~REF*EV*100064~REF*F2*1644559~DTM*405*20240210~N1*PR*DENTAQUEST IPA OF NEW YORK LLC~N3*11100 WEST LIBERTY DRIVE~N4*MILWAUKEE*WI*53224~PER*BL**EM*EDITeam@greatdentalplans.com~N1*PE*The Smilist Dental PLLC*XX*1760806624~N3*40 CUTTER MILL RD*STE 500~N4*GREAT NECK*NY*11021~REF*TJ*464286999~LX*1~CLP*DNT1189197985*1*490*107*30*OF*202402433008200*11*1~NM1*QC*1*VATAJ*VILSON****MI*74304861101~NM1*82*1*BAUER*LLOYD****XX*1619957537~REF*F8*X594367265~DTM*050*20240124~AMT*AU*137~SVC*AD:D0220*50*0~DTM*472*20240108~CAS*PR*3*14~CAS*CO*45*36~REF*6R*DNT1189197985-1~AMT*B6*14~SVC*AD:D0230*42*0~DTM*472*20240108~CAS*CO*45*35~CAS*PR*3*7~REF*6R*DNT1189197985-2~AMT*B6*7~SVC*AD:D0274*119*20~DTM*472*20240108~CAS*PR*3*9~CAS*CO*45*90~REF*6R*DNT1189197985-3~AMT*B6*29~SVC*AD:D1110*184*58~DTM*472*20240108~CAS*CO*45*126~REF*6R*DNT1189197985-4~AMT*B6*58~SVC*AD:D0120*95*29~DTM*472*20240108~CAS*CO*45*66~REF*6R*DNT1189197985-5~AMT*B6*29~LX*2~CLP*DNT1191980657*1*337*33*25*OF*202403731970500*11*1~NM1*QC*1*KENNEY*DANIELLE****MI*74272946600~NM1*82*1*JUNG*JUNHO****XX*1295859718~REF*F8*X601857126~DTM*050*20240206~AMT*AU*71~SVC*AD:D0220*50*0~DTM*472*20240202~CAS*PR*3*14~CAS*CO*45*36~REF*6R*DNT1191980657-1~AMT*B6*14~SVC*AD:D0230*42*0~DTM*472*20240202~CAS*PR*3*7~CAS*CO*45*35~REF*6R*DNT1191980657-2~AMT*B6*7~SVC*AD:D0230*42*3~DTM*472*20240202~CAS*CO*45*35~CAS*PR*3*4~REF*6R*DNT1191980657-2~AMT*B6*7~SVC*AD:D0230*42*7~DTM*472*20240202~CAS*CO*45*35~REF*6R*DNT1191980657-2~AMT*B6*7~SVC*AD:D0230*42*7~DTM*472*20240202~CAS*CO*45*35~REF*6R*DNT1191980657-2~AMT*B6*7~SVC*AD:D0210*119*16***AD:D0274~DTM*472*20240202~CAS*CO*97*103~REF*6R*DNT1191980657-3~AMT*B6*16~LQ*HE*M15~LQ*HE*M86~SE*92*0001~GE*1*0~IEA*1*000000000~