ISA*00*          *00*          *30*330989922      *30*330989922      *240214*0744*^*00501*000000000*0*P*:~GS*HP*330989922*330989922*20240214*0744*0*X*005010X221A1~ST*835*0001~BPR*I*326.60*C*ACH*CCP*01***0001150756*1396ENCARA**01*021000322*DA*483068189645*20240214~TRN*1*075901560418889*1396ENCARA~REF*EV*330989922~DTM*405*20240210~N1*PR*DDNJ Individual~N3*PO BOX 103~N4*STEVENS POINT*WI*54481~REF*2U*396ENCARA~PER*BL*HELP DESK-IT CLAIMS DEPT*TE*7153446087*EX*17389*EM*HELP@DELTADENTALWI.COM~N1*PE*THE SMILIST DENTAL OF NEW JERSEY*FI*822272495~N3*PO BOX 411706~N4*BOSTON*MA*02241~LX*1~CLP*DNT1191908370*1*531*164.60*56.40*12*2403733009*11~NM1*QC*1*SORTO*CESAR****MI*07724738022~NM1*82*1*ANSARI*BAHAR****XX*1538397187~AMT*AU*531~SVC*AD:D2150*400*105.60***AD:D2392~DTM*472*20240203~CAS*CO*45*238~CAS*PR*169*30**2*26.40~REF*6R*DNT1191908370-1~AMT*B6*132~SVC*AD:D0140*131*59~DTM*472*20240203~CAS*CO*45*72~REF*6R*DNT1191908370-2~AMT*B6*59~CLP*DNT1191908369*1*398*162**12*2403733010*11~NM1*QC*1*CARBONE*JOHN*M***MI*07727151994~NM1*82*1*ANSARI*BAHAR****XX*1538397187~AMT*AU*398~SVC*AD:D1110*184*75~DTM*472*20240203~CAS*CO*45*109~REF*6R*DNT1191908369-1~AMT*B6*75~SVC*AD:D0120*95*40~DTM*472*20240203~CAS*CO*45*55~REF*6R*DNT1191908369-2~AMT*B6*40~SVC*AD:D0274*119*47~DTM*472*20240203~CAS*CO*45*72~REF*6R*DNT1191908369-3~AMT*B6*47~SE*49*0001~GE*1*0~IEA*1*000000000~