ISA*00*          *00*          *30*330989922      *30*330989922      *240214*0745*^*00501*000000000*0*P*:~GS*HP*330989922*330989922*20240214*0745*0*X*005010X221A1~ST*835*0001~BPR*I*140*C*ACH*CCP*01***0001150756*1396ENCARA**01*021000322*DA*483068189645*20240214~TRN*1*075901560418925*1396ENCARA~REF*EV*330989922~DTM*405*20240210~N1*PR*DDNJ Individual~N3*PO BOX 103~N4*STEVENS POINT*WI*54481~REF*2U*396ENCARA~PER*BL*HELP DESK-IT CLAIMS DEPT*TE*7153446087*EX*17389*EM*HELP@DELTADENTALWI.COM~N1*PE*THE SMILIST DENTAL OF NEW JERSEY*FI*822272495~N3*PO BOX 411706~N4*BOSTON*MA*02241~LX*1~CLP*DNT1192762176*1*192*140*40*12*2403937651*11~NM1*QC*1*SHERIDAN*NANCY****MI*07713976407~NM1*82*1*FRENKEL*MELVIN****XX*1255967683~AMT*AU*192~SVC*AD:D1110*75*75~DTM*472*20240201~REF*6R*DNT1192762176-1~AMT*B6*75~SVC*AD:D0120*38*38~DTM*472*20240201~REF*6R*DNT1192762176-2~AMT*B6*38~SVC*AD:D0230*22*11~DTM*472*20240201~CAS*CO*45*11~REF*6R*DNT1192762176-3~AMT*B6*11~SVC*AD:D0220*16*16~DTM*472*20240201~REF*6R*DNT1192762176-4~AMT*B6*16~SVC*AD:D0274*41*0~DTM*472*20240201~CAS*CO*45*1~CAS*PR*96*40~REF*6R*DNT1192762176-5~LQ*HE*N640~SE*42*0001~GE*1*0~IEA*1*000000000~