ISA*00*          *00*          *30*330989922      *30*330989922      *240214*0750*^*00501*000000000*0*P*:~GS*HP*330989922*330989922*20240214*0750*0*X*005010X221A1~ST*835*0001~BPR*I*143.40*C*ACH*CCP*01***0001150756*1396ENCARA**01*021000322*DA*483068189645*20240214~TRN*1*075901560419040*1396ENCARA~REF*EV*330989922~DTM*405*20240210~N1*PR*DDNJ Individual~N3*PO BOX 103~N4*STEVENS POINT*WI*54481~REF*2U*396ENCARA~PER*BL*HELP DESK-IT CLAIMS DEPT*TE*7153446087*EX*17389*EM*HELP@DELTADENTALWI.COM~N1*PE*THE SMILIST DENTAL OF NEW JERSEY*FI*822272495~N3*PO BOX 411706~N4*BOSTON*MA*02241~LX*1~CLP*DNT1191670944*1*835*143.40*204.60*12*2403632515*11~NM1*QC*1*HUPPERT*MARK*N***MI*07775452049~NM1*82*1*MOLESPHINI*ANTHONY****XX*1801949995~AMT*AU*835~SVC*AD:D2160*475*88.20***AD:D2393~DTM*472*20240201~CAS*CO*45*278~CAS*PR*169*50**2*58.80~REF*6R*DNT1191670944-1~AMT*B6*147~SVC*AD:D2331*360*55.20~DTM*472*20240201~CAS*CO*45*209~CAS*PR*45*9**1*50**2*36.80~REF*6R*DNT1191670944-2~AMT*B6*142~SE*31*0001~GE*1*0~IEA*1*000000000~