ISA*00*          *00*          *30*330989922      *30*330989922      *240214*0743*^*00501*000000000*0*P*:~GS*HP*330989922*330989922*20240214*0743*0*X*005010X221A1~ST*835*0001~BPR*I*98*C*ACH*CCP*01***0001150756*1396ENCARA**01*021000322*DA*483068189645*20240214~TRN*1*075901560418848*1396ENCARA~REF*EV*330989922~DTM*405*20240210~N1*PR*DDNJ Individual~N3*PO BOX 103~N4*STEVENS POINT*WI*54481~REF*2U*396ENCARA~PER*BL*HELP DESK-IT CLAIMS DEPT*TE*7153446087*EX*17389*EM*HELP@DELTADENTALWI.COM~N1*PE*THE SMILIST DENTAL OF NEW JERSEY*FI*822272495~N3*PO BOX 411706~N4*BOSTON*MA*02241~LX*1~CLP*DNT1192929684*1*304*98**12*2404037837*11~NM1*QC*1*EVENER*LEEZA****MI*07751873605~NM1*74*1***A~NM1*82*1*FAYEK*FOUAD****XX*1073205985~AMT*AU*304~SVC*AD:D0140*132*41~DTM*472*20240207~CAS*CO*45*91~REF*6R*DNT1192929684-1~AMT*B6*41~SVC*AD:D0272*79*30~DTM*472*20240207~CAS*CO*45*49~REF*6R*DNT1192929684-2~AMT*B6*30~SVC*AD:D0220*51*16~DTM*472*20240207~CAS*CO*45*35~REF*6R*DNT1192929684-3~AMT*B6*16~SVC*AD:D0230*42*11~DTM*472*20240207~CAS*CO*45*31~REF*6R*DNT1192929684-4~AMT*B6*11~SE*40*0001~GE*1*0~IEA*1*000000000~