ISA*00*          *00*          *30*330989922      *30*330989922      *240214*0717*^*00501*000000000*0*P*:~GS*HP*330989922*330989922*20240214*0717*0*X*005010X221A1~ST*835*0001~BPR*I*420*C*ACH*CTX*01*011201539**483056469092*1810616910**01*021000322*DA*483056469092*20240210~TRN*1*7727050248*1810616910~REF*EV*100064~REF*F2*1644108~DTM*405*20240210~N1*PR*DENTAQUEST IPA OF NEW YORK LLC~N3*11100 WEST LIBERTY DRIVE~N4*MILWAUKEE*WI*53224~PER*BL**EM*EDITeam@greatdentalplans.com~N1*PE*The Smilist Dental PLLC*XX*1760806624~N3*40 CUTTER MILL RD*STE 500~N4*GREAT NECK*NY*11021~REF*TJ*464286999~LX*1~CLP*DNT1191980488*1*1274*290**ZZ*202403731983300*11*1~NM1*QC*1*RAGHBEER*HARIDAT****MI*74532015900~NM1*82*1*BAUER*LLOYD****XX*1619957537~REF*F8*X601863707~DTM*050*20240206~AMT*AU*290~SVC*AD:D2954*637*145~DTM*472*20240201~CAS*CO*22*492~REF*6R*DNT1191980488-1~AMT*B6*145~LQ*HE*N36~SVC*AD:D2954*637*145~DTM*472*20240201~CAS*CO*22*492~REF*6R*DNT1191980488-2~AMT*B6*145~LQ*HE*N36~LX*2~CLP*DNT1191980505*1*328*87**ZZ*202403731983900*11*1~NM1*QC*1*PEDEMONTE*MARIA****MI*74127327000~NM1*82*1*BAUER*LLOYD****XX*1619957537~REF*F8*X601863761~DTM*050*20240206~AMT*AU*87~SVC*AD:D5640*328*87~DTM*472*20240202~CAS*CO*45*241~REF*6R*DNT1191980505-1~AMT*B6*87~LX*3~CLP*DNT1193186726*1*279*43**ZZ*202404032653700*11*1~NM1*QC*1*ARMENDARIZDELANDIVAR*ANA****MI*74534692100~NM1*82*1*GOLDSMITH*MATTHEW****XX*1053455089~REF*F8*X605015499~DTM*050*20240209~AMT*AU*43~SVC*AD:D0220*50*14~DTM*472*20240207~CAS*CO*45*36~REF*6R*DNT1193186726-1~AMT*B6*14~SVC*AD:D9110*229*29~DTM*472*20240207~CAS*CO*45*200~REF*6R*DNT1193186726-2~AMT*B6*29~SE*63*0001~GE*1*0~IEA*1*000000000~