ISA*00*          *00*          *30*330989922      *30*330989922      *240214*0740*^*00501*000000000*0*P*:~GS*HP*330989922*330989922*20240214*0740*0*X*005010X221A1~ST*835*0001~BPR*I*49*C*ACH*CCP*01***0001150756*1396ENCARA**01*021000322*DA*483068189645*20240214~TRN*1*075901560418528*1396ENCARA~REF*EV*330989922~DTM*405*20240210~N1*PR*DDNJ Individual~N3*PO BOX 103~N4*STEVENS POINT*WI*54481~REF*2U*396ENCARA~PER*BL*HELP DESK-IT CLAIMS DEPT*TE*7153446087*EX*17389*EM*HELP@DELTADENTALWI.COM~N1*PE*THE SMILIST DENTAL OF NEW JERSEY*FI*822272495~N3*PO BOX 411706~N4*BOSTON*MA*02241~LX*1~CLP*DNT1191664037*1*395*49*95*12*2403632520*11~NM1*QC*1*DUYM*LOUISE****MI*07763262849~NM1*74*1***A~NM1*82*1*BUTTACAVOLI*MARC****XX*1104048305~AMT*AU*395~SVC*AD:D0150*151*49~DTM*472*20240201~CAS*CO*45*102~REF*6R*DNT1191664037-1~AMT*B6*49~SVC*AD:D0210*244*0~DTM*472*20240201~CAS*CO*45*149~CAS*PR*96*95~REF*6R*DNT1191664037-2~LQ*HE*N640~SE*31*0001~GE*1*0~IEA*1*000000000~