ISA*00*          *00*          *30*330989922      *30*330989922      *240214*0718*^*00501*000000000*0*P*:~GS*HP*330989922*330989922*20240214*0718*0*X*005010X221A1~ST*835*0001~BPR*I*1768*C*ACH*CTX*01*011201539**483056469092*1810616910**01*021000322*DA*483056469092*20240210~TRN*1*7717051895*1810616910~REF*EV*100064~REF*F2*1644125~DTM*405*20240210~N1*PR*DENTAQUEST IPA OF NEW YORK LLC~N3*11100 WEST LIBERTY DRIVE~N4*MILWAUKEE*WI*53224~PER*BL**EM*EDITeam@greatdentalplans.com~N1*PE*The Smilist Dental PLLC*XX*1760806624~N3*40 CUTTER MILL RD*STE 500~N4*GREAT NECK*NY*11021~REF*TJ*464286999~LX*1~CLP*DNT1191980577*1*339*87**ZZ*202403731967800*11*1~NM1*QC*1*SWEETING*MICHAEL****MI*37532504~NM1*82*1*BAUER*LLOYD****XX*1619957537~REF*F8*X601856961~DTM*050*20240206~AMT*AU*87~SVC*AD:D0210*244*58~DTM*472*20240201~CAS*CO*45*186~REF*6R*DNT1191980577-1~AMT*B6*58~SVC*AD:D0120*95*29~DTM*472*20240201~CAS*CO*45*66~REF*6R*DNT1191980577-2~AMT*B6*29~LX*2~CLP*DNT1191980614*1*490*137**ZZ*202403731968900*11*1~NM1*QC*1*OLUDOJA*OLABISI****MI*31248099~NM1*82*1*BAUER*LLOYD****XX*1619957537~REF*F8*X601857019~DTM*050*20240206~AMT*AU*137~SVC*AD:D0120*95*29~DTM*472*20240201~CAS*CO*45*66~REF*6R*DNT1191980614-1~AMT*B6*29~SVC*AD:D1110*184*58~DTM*472*20240201~CAS*CO*45*126~REF*6R*DNT1191980614-2~AMT*B6*58~SVC*AD:D0220*50*14~DTM*472*20240201~CAS*CO*45*36~REF*6R*DNT1191980614-3~AMT*B6*14~SVC*AD:D0230*42*7~DTM*472*20240201~CAS*CO*45*35~REF*6R*DNT1191980614-4~AMT*B6*7~SVC*AD:D0274*119*29~DTM*472*20240201~CAS*CO*45*90~REF*6R*DNT1191980614-5~AMT*B6*29~LX*3~CLP*DNT1191980623*1*50*14**ZZ*202403731969400*11*1~NM1*QC*1*SALAZAR*FREDDY****MI*36646063~NM1*82*1*JUNG*JUNHO****XX*1295859718~REF*F8*X601857035~DTM*050*20240206~AMT*AU*14~SVC*AD:D0220*50*14~DTM*472*20240202~CAS*CO*45*36~REF*6R*DNT1191980623-1~AMT*B6*14~LX*4~CLP*DNT1191980507*1*4156*1160**ZZ*202403731983700*11*1~NM1*QC*1*SALAZAR*FREDDY****MI*36646063~NM1*82*1*JUNG*JUNHO****XX*1295859718~REF*F8*X601863767~DTM*050*20240206~AMT*AU*1160~SVC*AD:D2750*2078*580~DTM*472*20240202~CAS*CO*45*1498~REF*6R*DNT1191980507-1~AMT*B6*580~SVC*AD:D2750*2078*580~DTM*472*20240202~CAS*CO*45*1498~REF*6R*DNT1191980507-2~AMT*B6*580~LX*5~CLP*DNT1191980513*1*578*146**ZZ*202403731984200*11*1~NM1*QC*1*LASKO*SUSAN****MI*37191480~NM1*82*1*GOLDSMITH*MATTHEW****XX*1053455089~REF*F8*X601863784~DTM*050*20240206~AMT*AU*146~SVC*AD:D0150*150*30~DTM*472*20240202~CAS*CO*45*120~REF*6R*DNT1191980513-1~AMT*B6*30~SVC*AD:D0210*244*58~DTM*472*20240202~CAS*CO*45*186~REF*6R*DNT1191980513-2~AMT*B6*58~SVC*AD:D1110*184*58~DTM*472*20240202~CAS*CO*45*126~REF*6R*DNT1191980513-3~AMT*B6*58~LX*6~CLP*DNT1192684667*1*490*137**ZZ*202403931052900*11*1~NM1*QC*1*SICILIANO*ANGELA****MI*21451112~NM1*82*1*BAUER*LLOYD****XX*1619957537~REF*F8*X603673895~DTM*050*20240208~AMT*AU*137~SVC*AD:D1110*184*58~DTM*472*20240206~CAS*CO*45*126~REF*6R*DNT1192684667-1~AMT*B6*58~SVC*AD:D0120*95*29~DTM*472*20240206~CAS*CO*45*66~REF*6R*DNT1192684667-2~AMT*B6*29~SVC*AD:D0220*50*14~DTM*472*20240206~CAS*CO*45*36~REF*6R*DNT1192684667-3~AMT*B6*14~SVC*AD:D0230*42*7~DTM*472*20240206~CAS*CO*45*35~REF*6R*DNT1192684667-4~AMT*B6*7~SVC*AD:D0274*119*29~DTM*472*20240206~CAS*CO*45*90~REF*6R*DNT1192684667-5~AMT*B6*29~LX*7~CLP*DNT1193134108*1*512*87**ZZ*202404032477900*11*1~NM1*QC*1*MCCULLAR*LAKETHIA****MI*31801639~NM1*82*1*KAUFMAN*STEVEN****XX*1750414686~REF*F8*X604871733~DTM*050*20240209~AMT*AU*119~SVC*AD:D0220*50*14~DTM*472*20231110~CAS*CO*22*36~REF*6R*DNT1193134108-1~AMT*B6*14~LQ*HE*N36~SVC*AD:D0274*119*29~DTM*472*20231110~CAS*CO*22*90~REF*6R*DNT1193134108-2~AMT*B6*29~LQ*HE*N36~SVC*AD:D0230*42*7~DTM*472*20231110~CAS*CO*22*35~REF*6R*DNT1193134108-3~AMT*B6*7~LQ*HE*N36~SVC*AD:D0210*206*8***AD:D0330~DTM*472*20231110~CAS*CO*97*198~REF*6R*DNT1193134108-4~AMT*B6*8~LQ*HE*M15~LQ*HE*M86~LQ*HE*N36~SVC*AD:D0120*95*29~DTM*472*20231110~CAS*CO*22*66~REF*6R*DNT1193134108-5~AMT*B6*29~LQ*HE*N36~LX*8~CLP*DNT1193235709*4*490*0*490*ZZ*202404032726900*11*1~NM1*QC*1*CASSIDY*MAUREEN****MI*35178611~NM1*82*1*PETERSEN*BRIDGET****XX*1184044026~REF*F8*X605082133~DTM*050*20240209~SVC*AD:D1110*184*0~DTM*472*20240207~CAS*PR*2*184~REF*6R*DNT1193235709-1~LQ*HE*M115~LQ*HE*N36~SVC*AD:D0120*95*0~DTM*472*20240207~CAS*PR*2*95~REF*6R*DNT1193235709-2~LQ*HE*M115~LQ*HE*N36~SVC*AD:D0230*42*0~DTM*472*20240207~CAS*PR*2*42~REF*6R*DNT1193235709-3~LQ*HE*M115~LQ*HE*N36~SVC*AD:D0220*50*0~DTM*472*20240207~CAS*PR*2*50~REF*6R*DNT1193235709-4~LQ*HE*M115~LQ*HE*N36~SVC*AD:D0274*119*0~DTM*472*20240207~CAS*PR*2*119~REF*6R*DNT1193235709-5~LQ*HE*M115~LQ*HE*N36~SE*222*0001~GE*1*0~IEA*1*000000000~