ISA*00*          *00*          *30*330989922      *30*330989922      *240214*0748*^*00501*000000000*0*P*:~GS*HP*330989922*330989922*20240214*0748*0*X*005010X221A1~ST*835*0001~BPR*I*250.50*C*ACH*CCP*01***0001150756*1396ENCARA**01*021000322*DA*483068189645*20240214~TRN*1*075901560419033*1396ENCARA~REF*EV*330989922~DTM*405*20240210~N1*PR*DDNJ Individual~N3*PO BOX 103~N4*STEVENS POINT*WI*54481~REF*2U*396ENCARA~PER*BL*HELP DESK-IT CLAIMS DEPT*TE*7153446087*EX*17389*EM*HELP@DELTADENTALWI.COM~N1*PE*THE SMILIST DENTAL OF NEW JERSEY*FI*822272495~N3*PO BOX 411706~N4*BOSTON*MA*02241~LX*1~CLP*DNT1192928303*1*202*106**12*2404037819*11~NM1*QC*1*WALKER*KENT*S***MI*07755812727~NM1*82*1*BLAND*ELISA****XX*1568626612~AMT*AU*202~SVC*AD:D9310*202*106~DTM*472*20240207~CAS*CO*45*96~REF*6R*DNT1192928303-1~AMT*B6*106~CLP*DNT1193028341*1*695*144.50*169.50*12*2404037820*11~NM1*QC*1*WALKER*KENT*S***MI*07755812727~NM1*82*1*BLAND*ELISA****XX*1568626612~AMT*AU*695~SVC*AD:D7210*695*144.50~DTM*472*20240207~CAS*CO*45*381~CAS*PR*1*25**2*144.50~REF*6R*DNT1193028341-1~AMT*B6*314~SE*34*0001~GE*1*0~IEA*1*000000000~