ISA*00*          *00*          *30*330989922      *30*330989922      *240214*0740*^*00501*000000000*0*P*:~GS*HP*330989922*330989922*20240214*0740*0*X*005010X221A1~ST*835*0001~BPR*I*21.60*C*ACH*CCP*01***0001150756*1396ENCARA**01*021000322*DA*483068189645*20240214~TRN*1*075901560418500*1396ENCARA~REF*EV*330989922~DTM*405*20240210~N1*PR*DDNJ Individual~N3*PO BOX 103~N4*STEVENS POINT*WI*54481~REF*2U*396ENCARA~PER*BL*HELP DESK-IT CLAIMS DEPT*TE*7153446087*EX*17389*EM*HELP@DELTADENTALWI.COM~N1*PE*THE SMILIST DENTAL OF NEW JERSEY*FI*822272495~N3*PO BOX 411706~N4*BOSTON*MA*02241~LX*1~CLP*DNT1191907731*1*328*21.60*98.40*12*2403733007*11~NM1*QC*1*CIFELLI*MARIE****MI*07712777704~NM1*74*1***R~NM1*82*1*BALIS*ELIZABETH****XX*1073643797~AMT*AU*328~SVC*AD:D2140*328*21.60***AD:D2391~DTM*472*20240203~CAS*CO*45*208~CAS*PR*169*43**1*50**2*5.40~REF*6R*DNT1191907731-1~AMT*B6*77~SE*26*0001~GE*1*0~IEA*1*000000000~