ISA*00*          *00*          *30*341858379      *30*464286999      *240208*2232*^*00501*191956060*0*P*:~GS*HP*ECHOH*464286999*20240208*2232*1*X*005010X221A1~ST*835*000000001~BPR*I*119.24*C*ACH*CCP*01*044115126*DA*01669508612C*1341858379**01*021000322*DA*483056469092*20240213~TRN*1*1125660412*1341858379~DTM*405*20240208~N1*PR*AMERITAS LIFE INSURANCE CORP. OF NEW YORK~N3*P.O. BOX 82595~N4*LINCOLN*NE*68501~PER*CX*EDI SUPPORT TEAM*FX*4408355656*TE*4408353511~PER*BL*EDI SUPPORT TEAM~N1*PE*SMILIST*XX*1760806624~N3*40 CUTTERMILL RD STE 500~N4*GREAT NECK*NY*11021~REF*TJ*464286999~LX*1~CLP*DNT1191107621*1*523*119.24*89.75*12*43525665730*11~NM1*QC*1*GARCIA*JENNIFER****MI*000926172~NM1*82*1*CEKADA*SASHA*DANIEL***XX*1619955564~DTM*050*20240201~AMT*AU*119.24~SVC*AD:D1110*184*41.11~DTM*472*20240130~CAS*PR*2*13.7**1*17.23~CAS*CO*45*111.96~REF*6R*DNT1191107621-1~AMT*B6*41.11~SVC*AD:D0210*244*55.65~DTM*472*20240130~CAS*PR*2*18.55**1*23.34~CAS*CO*45*146.46~REF*6R*DNT1191107621-2~AMT*B6*55.65~SVC*AD:D0120*95*22.48~DTM*472*20240130~CAS*PR*2*7.5**1*9.43~CAS*CO*45*55.59~REF*6R*DNT1191107621-3~AMT*B6*22.48~SE*38*000000001~GE*1*1~IEA*1*191956060~