ISA*00*          *00*          *30*341858379      *30*464286999      *240208*2232*^*00501*191956057*0*P*:~GS*HP*ECHOH*464286999*20240208*2232*1*X*005010X221A1~ST*835*000000001~BPR*I*69*C*ACH*CCP*01*044115126*DA*01669508612C*1341858379**01*021000322*DA*483056469092*20240213~TRN*1*1125660409*1341858379~DTM*405*20240208~N1*PR*AMERITAS LIFE INSURANCE CORP. OF NEW YORK~N3*P.O. BOX 82595~N4*LINCOLN*NE*68501~PER*CX*EDI SUPPORT TEAM*FX*4408355656*TE*4408353511~PER*BL*EDI SUPPORT TEAM~N1*PE*SMILIST*XX*1760806624~N3*PO BOX 411706~N4*BOSTON*MA*02241~REF*TJ*464286999~LX*1~CLP*DNT1191106266*1*266*69*25*12*43525665750*11~NM1*QC*1*PARISETTE*EMILY~NM1*IL*1*PARISETTE*NAOMI****MI*116687560~NM1*82*1*SINGH*ATINDERPAL****XX*1376286468~DTM*050*20240201~AMT*AU*69~SVC*AD:D1208*45*16.15~DTM*472*20240130~CAS*PR*1*5.85~CAS*CO*45*23~REF*6R*DNT1191106266-1~AMT*B6*16.15~SVC*AD:D1120*126*30.83~DTM*472*20240130~CAS*PR*1*11.17~CAS*CO*45*84~REF*6R*DNT1191106266-2~AMT*B6*30.83~SVC*AD:D0120*95*22.02~DTM*472*20240130~CAS*PR*1*7.98~CAS*CO*45*65~REF*6R*DNT1191106266-3~AMT*B6*22.02~SE*39*000000001~GE*1*1~IEA*1*191956057~