ISA*00*          *00*          *30*341858379      *30*464286999      *240208*2232*^*00501*191956061*0*P*:~GS*HP*ECHOH*464286999*20240208*2232*1*X*005010X221A1~ST*835*000000001~BPR*I*310*C*ACH*CCP*01*044115126*DA*01669508612C*1341858379**01*021000322*DA*483056469092*20240213~TRN*1*1125660413*1341858379~DTM*405*20240208~N1*PR*AMERITAS LIFE INSURANCE CORP. OF NEW YORK~N3*P.O. BOX 82595~N4*LINCOLN*NE*68501~PER*CX*EDI SUPPORT TEAM*FX*4408355656*TE*4408353511~PER*BL*EDI SUPPORT TEAM~N1*PE*SMILIST*XX*1760806624~N3*40 CUTTERMILL RD STE 500~N4*GREAT NECK*NY*11021~REF*TJ*464286999~LX*1~CLP*DNT1190952344*1*506*200**12*43525665770*11~NM1*QC*1*JORGENSEN*OWEN~NM1*IL*1*JORGENSEN*JEANNINE****MI*055705869~NM1*82*1*ARENA JR*PHILIP*ANTHONY***XX*1174608517~DTM*050*20240201~AMT*AU*200~SVC*AD:D1206*55*35~DTM*472*20240130~CAS*CO*45*20~REF*6R*DNT1190952344-1~AMT*B6*35~SVC*AD:D1110*184*74~DTM*472*20240130~CAS*CO*45*110~REF*6R*DNT1190952344-2~AMT*B6*74~SVC*AD:D0120*95*36~DTM*472*20240130~CAS*CO*45*59~REF*6R*DNT1190952344-3~AMT*B6*36~SVC*AD:D0230*42*12~DTM*472*20240130~CAS*CO*45*30~REF*6R*DNT1190952344-4~AMT*B6*12~SVC*AD:D0220*50*17~DTM*472*20240130~CAS*CO*45*33~REF*6R*DNT1190952344-5~AMT*B6*17~SVC*AD:D0272*80*26~DTM*472*20240130~CAS*CO*45*54~REF*6R*DNT1190952344-6~AMT*B6*26~CLP*DNT1190952346*1*279*110**12*43525665780*11~NM1*QC*1*JORGENSEN*RYAN~NM1*IL*1*JORGENSEN*JEANNINE****MI*055705869~NM1*82*1*ARENA JR*PHILIP*ANTHONY***XX*1174608517~DTM*050*20240201~AMT*AU*110~SVC*AD:D1110*184*74~DTM*472*20240130~CAS*CO*45*110~REF*6R*DNT1190952346-1~AMT*B6*74~SVC*AD:D0120*95*36~DTM*472*20240130~CAS*CO*45*59~REF*6R*DNT1190952346-2~AMT*B6*36~SE*67*000000001~GE*1*1~IEA*1*191956061~