ISA*00*          *00*          *30*341858379      *30*464286999      *240208*2232*^*00501*191956056*0*P*:~GS*HP*ECHOH*464286999*20240208*2232*1*X*005010X221A1~ST*835*000000001~BPR*I*156*C*ACH*CCP*01*044115126*DA*01669508612C*1341858379**01*021000322*DA*483056469092*20240213~TRN*1*1125660408*1341858379~DTM*405*20240208~N1*PR*AMERITAS LIFE INSURANCE CORP.~N3*P.O. BOX 82520~N4*LINCOLN*NE*68501~PER*CX*EDI SUPPORT TEAM*FX*4408355656*TE*4408353511~PER*BL*EDI SUPPORT TEAM~N1*PE*SMILIST*XX*1760806624~N3*PO BOX 411706~N4*BOSTON*MA*02241~REF*TJ*464286999~LX*1~CLP*DNT1191012133*1*687*156*50*12*43525665740*11~NM1*QC*1*MROCZKOWSK*GINA~NM1*IL*1*MROCZKOWSKI*STANISLAW****MI*013412909~NM1*82*1*TAMAKUWALA*JIGISHA*JITESH***XX*1700144151~DTM*050*20240201~AMT*AU*156~SVC*AD:D0230*42*12~DTM*472*20240130~CAS*CO*45*30~REF*6R*DNT1191012133-1~AMT*B6*12~SVC*AD:D0274*119*36~DTM*472*20240130~CAS*CO*45*83~REF*6R*DNT1191012133-2~AMT*B6*36~SVC*AD:D0220*50*14~DTM*472*20240130~CAS*CO*45*36~REF*6R*DNT1191012133-3~AMT*B6*14~SVC*AD:D0120*95*30~DTM*472*20240130~CAS*CO*45*65~REF*6R*DNT1191012133-4~AMT*B6*30~SVC*AD:D1110*184*64~DTM*472*20240130~CAS*CO*45*120~REF*6R*DNT1191012133-5~AMT*B6*64~SVC*AD:D2920*197*0~DTM*472*20240130~CAS*PR*1*50~CAS*CO*45*147~REF*6R*DNT1191012133-6~SE*51*000000001~GE*1*1~IEA*1*191956056~